2912 4368
839 467 942 516 496
1574 447 1952 499 &fig—-

841 715 942 768 11,
982 702 1655 778 Polyponjpholyx
1694 696 1891 765 (Lehm.
1935 695 2059 746 Nov.
2100 696 2240 759 stirp.
2283 711 2398 761 pug.
2429 697 2478 745 8.
2520 695 2696 761 p.48).

1237 825 1573 888 Telralopus
1612 819 1723 871 DC.
1758 819 1936 869 Prodr.
1976 821 2028 869 8.
2072 835 2119 883 p.
2146 818 2270 869 667.

981 940 1147 1005 Calyx
1187 936 1521 999 Ali—partitus,
1586 928 1717 978 lobis
1756 927 1982 992 obtusis,
2042 929 2209 978 antico
2264 929 2549 992 posticoque
2592 927 2699 990 ple-

845 1054 1048 1101 rumque
1090 1031 1469 1095 inaequalibuS,
1509 1026 1807 1077 lateralibus
1847 1026 2149 1089 aequalibus
2180 1025 2257 1075 vel
2299 1041 2416 1074 raro
2458 1025 2701 1087 inaequa-

846 1136 978 1183 libus
1021 1129 1348 1180 brevioribus.
1429 1124 1548 1175 Cor.
1589 1125 1680 1175 sub
1725 1123 1826 1172 lab.
1868 1123 1958 1174 inf.
1998 1122 2295 1182 calcarata,
2348 1123 2462 1170 tubo
2505 1123 2699 1170 brevis-

845 1232 998 1295 simo,
1066 1224 1216 1275 labiis
1266 1223 1410 1272 valde
1453 1220 1670 1270 diversis
1713 1220 1789 1269 vel
1835 1234 1949 1268 raro
1994 1218 2423 1282 subaequalibus‚
2480 1200 2701 1285 integri!

846 1329 920 1377 vel
963 1322 1224 1388 superiore
1266 1320 1445 1382 bifido,
1516 1319 1645 1367 lobis
1687 1317 2025 1382 acuminatis,
2090 1315 2193 1364 lab.
2245 1315 2336 1365 inf.
2386 1316 2617 1381 longiore
2655 1324 2703 1366 et

846 1425 1093 1488 ampliore
1134 1418 1332 1479 trifido,
1389 1416 1559 1480 palato
1599 1414 1815 1467 elevato.
1926 1413 2162 1463 Stamina
2199 1414 2260 1475 2,
2302 1429 2403 1464 cor.
2445 1412 2546 1464 lab.
2585 1429 2704 1478 sup.

848 1525 1055 1572 inserta.
1142 1516 1425 1566 Filamenta
1475 1520 1701 1564 arcuata.
1787 1511 2042 1562 Anthcrae
2091 1509 2319 1559 inclusae
2373 1512 2704 1561 cohaerentes

847 1619 1086 1668 ovoideae
1128 1611 1436 1674 longitudine
1478 1609 1811 1659 dehiscenteS.
1887 1606 2128 1658 Ovarium
2171 1607 2451 1657 ovoideum.
2527 1606 2706 1671 Stylu's

851 1713 1193 1764 brevissimus.
1270 1708 1469 1770 Stigma
1508 1704 1833 1767 bilabiatum,
1872 1704 1974 1754 lab.
2013 1719 2125 1766 sup.
2168 1701 2467 1752 brevissimo
2509 1703 2586 1753 vel
2615 1686 2707 1752 ob-

850 1811 1039 1870 soleto,
1080 1808 1170 1855 ius.
1215 1802 1555 1853 lamellisormi
1592 1800 1820 1851 dilatato.
1915 1799 2159 1850 Placenta
2198 1799 2418 1865 globosa
2460 1800 2707 1852 brevissi·

850 1924 925 1957 me
967 1902 1291 1969 pedicellata.
1404 1897 1632 1962 Capsula
1684 1897 1902 1962 globosa
1941 1899 2004 1947 ab
2045 1898 2189 1961 apice
2230 1897 2581 1961 irregulariter
2620 1899 2702 1949 de-

849 2004 1070 2054 hiscens.
1139 1998 1348 2047 Semina
1389 1995 1610 2059 plurima
1651 1994 1856 2044 minima
1896 1995 2171 2060 angulosa.

995 2113 1192 2162 Herbae
1236 2108 1410 2157 Novae
1449 2104 1753 2153 Hellandiae
1808 2114 1853 2153 et
1894 2105 2156 2154 Americae
2210 2106 2453 2154 australis
2495 2107 2709 2170 paludo-

855 2229 941 2264 sae
980 2209 1154 2260 habitu
1197 2203 1616 2254 Utriculariarum
1659 2203 1963 2266 radicantes,
2002 2202 2172 2251 radice
2201 2203 2337 2252 brevi
2381 2202 2569 2252 fibrosa
2604 2222 2713 2253 crees
2785 2227 2790 2230 ·

857 2314 944 2361 bre
985 2308 1060 2358 vel
1104 2322 1203 2354 non
1244 2299 1589 2360 utriculisera,
1638 2299 1777 2348 foliis
1821 2299 2060 2349 confertis
2102 2298 2355 2363 petiolatis
2395 2301 2469 2349 vel
2510 2303 2712 2351 subses-

857 2408 1038 2458 silibus
1084 2401 1292 2465 integris
1332 2413 1464 2447 nunc
1504 2397 1800 2460 quibusdam
1840 2397 2053 2446 deflexis
2098 2395 2443 2459 fluitantibus,
2520 2398 2712 2448 lamina

857 2508 906 2555 iu
948 2500 1217 2551 utriculum
1258 2504 1478 2556 mutata,
1544 2509 1698 2558 scapo
1752 2503 1916 2542 erecto
1956 2495 2088 2544 tenni
2137 2496 2265 2544 nudo
2311 2494 2385 2542 vel
2427 2510 2713 2559 squamoso,

857 2602 1068 2651 floribus
1116 2594 1289 2661 paucis
1343 2591 1418 2641 vel
1463 2592 1746 2640 numerosis
1799 2592 2170 2641 subracemosis
2224 2592 2567 2661 pedicellatis,
2628 2610 2716 2658 pe-

858 2697 1057 2749 dicellis
1100 2693 1208 2744 basi
1251 2689 1770 2750 1—2-bracteatis‚
1813 2705 1918 2740 cor.
1958 2704 2105 2739 rosea
2147 2689 2223 2738 vel
2266 2689 2418 2742 lutea.

943 2853 991 2900 1,
1042 2847 1261 2902 Polyp.
1293 2838 1605 2888 laciniata
1646 2840 1788 2906 Benj.
1841 2841 1892 2889 in
1947 2841 2102 2891 Mart.
2161 2849 2203 2890 et
2257 2841 2404 2894 Endl.
2462 2842 2508 2892 ss.
2563 2842 2715 2893 Bras,

860 2949 1005 3012 Fam.
1047 2945 1206 2995 Utric.
1248 2943 1414 2992 adhuc
1452 2942 1585 2990 ined.

1002 3060 1061 3108 P.
1102 3057 1325 3118 squamis
1377 3053 1595 3102 bracteis
1651 3051 1883 3113 lobisque
1934 3050 2182 3114 calycinis
2237 3050 2715 3100 semem-fimbria-

864 3157 959 3215 tis,
1002 3171 1105 3203 cor.
1148 3153 1308 3199 luteae
1349 3151 1499 3199 labiis
1544 3149 1785 3211 integris,
1841 3163 1953 3208 sup.
1998 3146 2422 3207 ovato-oblongo
2466 3154 2718 3214 truncato,

866 3252 957 3301 inf.
1008 3247 1747 3299 subsecuriforuii-rotundato
1797 3242 1998 3291 calcare
2049 3242 2376 3290 adscendente
2432 3244 2714 3294 sacciformi

866 3351 1043 3398 obtuso
1089 3344 1240 3409 paulo
1284 3341 1526 3390 breviore.
1613 3336 1963 3387 Ucrz'ceclare'a
2005 3338 2276 3385 laciniam
2308 3338 2461 3391 Mart.
2504 3343 2553 3389 in
2594 3359 2714 3394 mss.

868 3446 1024 3497 Herb.
1071 3460 1176 3506 reg.
1217 3440 1426 3489 Monac.

1008 3553 1207 3600 (luiana
1240 3547 1472 3611 anglica,
1515 3544 1660 3592 Rich.
1704 3542 1942 3592 Schomb.
1987 3559 2032 3590 n.
2065 3541 2179 3591 149.
