2211 4044
325 232 409 291 42

468 381 701 430 Eruador
741 380 1072 445 (Hal-tweg
1111 397 1157 431 n.
1192 380 1369 443 1253).
1413 409 1479 419 —
1532 378 1843 431 Venezuela:
1910 381 1961 430 in
1999 381 2172 432 Sierra

325 481 532 531 Nevada
572 480 676 530 ssor.
717 497 780 529 m.
822 480 1036 540 Januar,
1075 478 1359 529 inParamo
1401 480 1460 528 de
1483 479 1752 529 Mucuchie
1791 480 1838 530 fl.
1879 497 1942 531 m.
1972 479 2174 530 Octobr.

323 580 585 634 (Moritz
626 598 674 628 ιι.
710 580 844 628 1185
880 578 1182 640 011187a.)

394 737 442 785 5.
485 740 552 784 G.
589 738 830 783 foliosa
869 733 989 783 lx'th.
1030 734 1063 783 l.
1107 752 1147 783 c.
1189 753 1236 799 p.
1279 734 1395 785 133.
1437 764 1505 772 --
1583 736 1670 787 Gr.
1707 736 1740 786 l.
1782 753 1824 786 e.
1865 754 1913 802 p.
1948 735 2034 786 90.
2110 731 2171 788 G.

320 834 532 904 dstvaesa
574 835 750 883 Bentli.
789 833 862 883 Pl.
902 833 1096 883 Hartw.
1138 852 1186 899 p.
1212 835 1334 885 228.

458 933 692 983 Ecuador
745 932 1085 1001 (Hal-tweg
1122 951 1170 983 n.
1218 933 1407 1002 1251):
1469 934 1596 983 haec
1652 942 1726 983 est
1767 934 1928 984 forma
1979 932 2171 982 Hum-

322 1032 554 1081 boldtii
593 1033 816 1098 legitima
858 1042 901 1082 et
942 1034 1073 1083 hand
1115 1032 1218 1083 scio
1261 1051 1354 1098 quo
1398 1050 1567 1082 errore
1607 1033 1737 1084 idem
1773 1049 2010 1083 numerus
2036 1034 2168 1098 apud

322 1132 620 1196 Walpers
664 1130 933 1195 Repertor.
974 1133 1023 1184 6.
1063 1150 1110 1196 p.
1145 1132 1265 1183 505.
1317 1134 1379 1182 ad
1431 1131 1496 1185 G.
1547 1131 1817 1201 deff'usam
1866 1132 1987 1183 Kth.
2036 1131 2169 1181 refe-

316 1241 471 1283 ratur.

530 1350 576 1398 y.
608 1329 901 1396 slam'flora
943 1329 1028 1379 Gr.
1067 1329 1098 1378 l.
1141 1346 1181 1379 c.
1272 1326 1331 1381 G.
1372 1330 1728 1380 ceraste'oe'des
1765 1333 1817 1392 β.
1858 1326 2169 1380 chimbora-

318 1435 490 1480 zeusis
528 1429 706 1478 Benth.
745 1427 776 1478 l.
821 1446 862 1477 r.
906 1444 952 1491 p.
976 1429 1096 1476 227.

458 1528 693 1577 Ecuador
735 1526 1072 1591 (Hartweg
1109 1543 1157 1575 n.
1182 1524 1363 1594 1243).

385 1670 432 1718 6.
473 1673 540 1717 G.
583 1672 1026 1729 sela-ginifolia
1079 1667 1165 1718 Gr.
1206 1667 1349 1718 caule
1398 1667 1574 1717 humili
1624 1668 1961 1718 adscendente
2012 1669 2164 1717 dense

312 1769 491 1818 folioso
531 1785 745 1834 superne
786 1768 836 1816 in
873 1785 1039 1817 ramos
1079 1784 1269 1832 paucos
1309 1767 1499 1829 diviso,
1531 1766 1663 1817 foliis
1704 1768 1950 1818 coriaceis
1987 1776 2162 1818 ovato-

312 1868 608 1918 lanceolatis
661 1867 1013 1918 obtusiusculis
1060 1867 1288 1933 margine
1339 1867 1728 1930 scabriusenlis‚
1789 1867 1946 1934 eymis
1995 1867 2165 1917 termi-

312 1968 511 2018 nalibus
553 1969 824 2017 coarctatis
863 1967 1175 2030 multifloris,
1243 1966 1466 2017 corollae
1505 1975 1703 2017 rotatae
1741 1967 1977 2016 imberbis
2017 1966 2162 2029 „vio-

311 2069 517 2118 laceae”
567 2068 840 2133 segmentis
892 2067 1463 2133 clliptico-lanceolatis
1517 2067 1711 2118 obtusis
1773 2067 1996 2134 calycem
2046 2083 2162 2130 pro-

309 2169 457 2217 funde
499 2168 683 2217 ·5fidum
723 2169 806 2216 vix
843 2168 990 2233 duplo
1031 2168 1400 2231 superantibus.

451 2267 571 2334 Syn.
613 2266 675 2320 G.
713 2268 1196 2334 nmmnulartjblae'a
1235 2284 1342 2317 var.
1382 2268 1772 2333 crassulaefolia
1797 2268 1975 2317 Benth.
2015 2269 2066 2316 in
2091 2268 2158 2332 pl.

307 2366 627 2432 Hartweg.
668 2366 765 2416 vol.
792 2366 851 2415 ll.
891 2384 937 2431 p.
963 2368 1084 2416 228.
1126 2369 1258 2431 apud
1300 2366 1494 2431 Walp.
1534 2366 1567 2415 l.
1609 2383 1651 2415 c.
1695 2383 1759 2415 ex
1799 2383 2004 2416 numero
2043 2368 2158 2416 bre-

310 2469 454 2531 vique
495 2466 889 2516 adumbratione.
1000 2466 1171 2516 Media
1210 2466 1434 2530 profecto
1488 2474 1586 2516 stat
1637 2466 1766 2515 inter
1806 2465 1869 2518 G.
1908 2483 2158 2516 nummu-

307 2567 622 2631 laroefole'am
663 2567 748 2616 Gr.
789 2575 835 2615 et
878 2563 936 2616 G.
965 2566 1242 2631 foliosum
1282 2566 1443 2631 Kth„
1503 2575 1554 2616 at
1594 2574 1797 2630 praeter
1835 2565 1935 2616 alia
1974 2565 2153 2615 discri-

307 2667 439 2716 mina
502 2666 672 2733 calyce
735 2667 1030 2732 profundius
1082 2666 1239 2717 diviso
1301 2667 1363 2716 ab
1428 2675 1638 2731 utraque
1694 2664 1929 2730 specifice
1980 2665 2158 2716 distin-

307 2776 387 2817 cta
425 2776 515 2817 est.

444 2867 689 2916 Rhizenia
727 2865 973 2928 filiforine,
1013 2867 1094 2914 lm
1119 2866 1285 2928 diam„
1324 2865 1549 2915 flexuose
1590 2865 1917 2926 descendeus,
1955 2863 2006 2912 in
2033 2879 2153 2913 cau-

306 2966 380 3014 les
421 2966 446 3014 1
476 2967 578 3014 -2
620 2982 803 3029 eosque
838 2964 1032 3014 fertiles
1071 2965 1263 3014 abiens.
1340 2964 1513 3014 Caulis
1553 2963 1824 3028 palmaris,
1872 2980 1902 3012 a
1942 2961 2051 3011 basi
2089 2963 2152 3010 ad

305 3064 497 3128 apicem
535 3063 669 3111 foliis
708 3063 991 3127 patentibus
1029 3063 1350 3127 recurvisque
1391 3065 1542 3111 dense
1585 3064 1842 3121 obtectus,
1908 3076 1939 3109 a
1988 3060 2149 3109 medio

303 3163 353 3211 in
389 3179 557 3212 ramos
595 3163 693 3211 2-
724 3161 753 3209 8
784 3161 878 3224 ipsi
920 3160 1202 3210 conformes
1242 3160 1530 3224 fastigiatus
1571 3160 1787 3220 divisus,
1856 3159 2148 3209 internodiis

306 3263 391 3311 11¹1
429 3262 533 3310 sere
571 3261 736 3326 longis
775 3260 1005 3310 soliorum
1043 3260 1151 3310 basi
1192 3260 1407 3309 infracta
1448 3259 1732 3309 occultatis.
1841 3258 1990 3309 Folia
2027 3260 2150 3309 sub·

306 3361 539 3426 aequalia
573 3360 798 3410 4—6¹“
834 3360 1017 3426 longa,
1063 3359 1361 3427 11s2—2m
1397 3359 1536 3420 lata,
1586 3375 1764 3409 versus
1803 3358 2000 3423 apicem
2035 3375 2151 3408 sen-

307 3461 397 3509 sim
438 3469 726 3521 attenuata,
787 3460 928 3525 apice
970 3459 1315 3524 obtusiucula,
1376 3459 1640 3523 trinervia,
1714 3458 1883 3509 nervis
1921 3458 2148 3509 siccitate
