2211 4044
1807 220 1907 274 511

708 383 992 450 Species
1043 375 1274 429 dubia.

200 487 626 541 Nectandra.
701 486 780 536 An
823 484 985 533 forma
1023 478 1497 544 N.*toluccensae's‚
1549 487 1632 529 aut
1672 479 1903 543 lucidae,

61 600 146 640 aut
180 587 444 651 Puchury
483 583 763 652 majoris?

200 685 574 752 Oreodaplme
612 687 916 735 tovarensis
955 682 1042 734 ΚΙ.
1081 687 1128 730 et
1165 678 1405 729 Karsten.

197 785 486 836 Columbia.
561 784 849 835 Karsten
890 784 937 832 in
975 783 1025 834 b.
1066 797 1179 846 gen.
1211 777 1380 829 Berol.
1420 777 1610 840 absque
1651 791 1870 828 numero.

97 995 286 1048 Tribus
326 998 377 1048 8.
449 993 942 1067 Dicypellia.
1018 993 1081 1043 N.
1112 994 1173 1042 ab
1192 991 1252 1041 E.
1291 990 1427 1054 Sysr.
1467 988 1621 1038 Laur.
1664 1004 1711 1052 p.
1752 985 1876 1038 341.

628 1094 813 1143 Endl.
855 1093 980 1143 Gen.
1019 1092 1089 1155 pl.
1132 1090 1336 1154 12:320.

110 1213 712 1259 Petulanthera
752 1206 814 1255 N.
858 1207 921 1255 ab
947 1205 1007 1256 E.
1048 1204 1188 1268 Syst.
1228 1202 1385 1254 Laur.
1425 1218 1469 1265 p.
1496 1200 1615 1250 346.
1695 1200 1876 1249 Endl.

730 1305 858 1355 Gen.
897 1304 967 1368 pl.
1009 1320 1058 1354 n.
1089 1301 1248 1353 2046.

130 1425 204 1468 Ρ.
242 1423 648 1470 bracteolata
686 1418 750 1469 N.
773 1419 834 1469 ab
856 1417 917 1470 E.
958 1416 1094 1481 Syst.
1134 1415 1289 1464 Laur.
1331 1430 1378 1477 p.
1417 1412 1541 1463 347.

203 1521 410 1570 Ocotea
450 1519 791 1571 bracteolata
829 1517 984 1567 Mart.
1022 1517 1074 1564 in
1114 1514 1270 1565 Herb.
1310 1514 1456 1564 Bras,
1495 1511 1699 1562 Monac.

205 1619 479 1669 Brasilien.
554 1619 610 1667 In
651 1616 1018 1668 Ur-Wssildern
1057 1631 1156 1664 von
1194 1612 1386 1674 Com-i,
1428 1612 1475 1660 in
1516 1615 1603 1662 der
1643 1612 1790 1661 Prov.
1817 1611 1913 1660 Rio

62 1733 219 1781 negro
270 1721 365 1767 und
418 1719 468 1766 in
508 1718 684 1779 Japur.
760 1716 1068 1768 Martius.
1142 1712 1492 1775 Yurimagnas
1543 1714 1638 1761 und
1682 1712 1922 1776 Maynas.

64 1817 357 1884 Poeppig
398 1835 445 1867 n.
484 1816 644 1867 2426.

65 1979 712 2065 Pleurothyrium'
768 2001 832 2052 N,
867 1981 928 2050 ab
965 2001 1023 2050 E.
1067 1999 1209 2069 Syst.
1252 2000 1406 2049 Lanr.
1449 2014 1496 2062 p.
1524 1997 1646 2048 349.
1724 1997 1918 2047 Endl.

736 2101 859 2153 Gen.
900 2102 966 2165 pl.
1007 2117 1058 2151 n.
1095 2097 1255 2150 2047.

90 2282 93 2283 ⁷
137 2226 236 2272 ΡΙ.
274 2220 613 2279 Poeppigii
653 2218 716 2269 N.
746 2218 807 2267 ab
834 2217 895 2268 E.
937 2216 1080 2280 Syst.
1121 2214 1277 2264 Laur.
1322 2229 1366 2276 p.
1391 2209 1514 2263 349.

206 2321 290 2370 Bei
332 2319 574 2384 Maynas.
647 2316 943 2382 Poeppig
980 2316 1226 2365 Addenda
1264 2331 1313 2363 n.
1346 2312 1468 2363 301.

133 2426 232 2468 ΡΙ.
273 2423 788 2478 chrysophyllum
829 2417 894 2468 N.
921 2414 985 2466 ab
1016 2415 1079 2466 E.
1120 2414 1260 2479 Syst.
1295 2413 1454 2463 Laur.
1498 2428 1542 2474 p.
1572 2410 1688 2459 351.

213 2519 418 2569 Ocotea
455 2515 854 2585 chrysophylla
897 2515 1082 2578 Poepp.
1124 2530 1173 2563 n.
1204 2511 1359 2562 1718.

211 2617 313 2665 Auf
349 2619 442 2665 den
485 2618 651 2683 Andes
693 2617 880 2665 Pern’S.
957 2613 1272 2676 Poeppig.

138 2737 236 2779 Pl.
274 2733 534 2779 bifidum
572 2728 637 2778 N.
669 2730 729 2777 ab
760 2729 822 2778 E.
862 2727 1001 2791 Syst.
1042 2727 1201 2775 Lanr.
1247 2742 1291 2787 p.
1323 2722 1446 2773 351.

229 2829 473 2880 Ocotea‘?
514 2825 692 2894 bastela
732 2829 918 2892 Poepp.
961 2843 1010 2874 n.
1037 2824 1202 2876 2398.

210 2928 577 2992 Yunrimag=1a3‚
616 2927 860 2998 MnynaS.
940 2924 1253 2988 Poeppig.

141 3047 237 3091 ΡΙ.
277 3044 686 3090 cuneifolium
729 3040 794 3092 N.
823 3041 885 3087 ab
909 3038 971 3090 E.
1012 3038 1150 3101 Syst.
1192 3036 1345 3084 Laur.
1389 3051 1434 3097 p.
1462 3033 1585 3083 352.
1661 3031 1921 3080 Paniculis

71 3141 563 3192 infraterminalibns
617 3137 919 3189 laxinsculis
974 3136 1235 3200 elongatis
1289 3131 1921 3198 griseo-subtomentosis,

73 3241 210 3292 foliis
249 3240 761 3304 oblongo-ovalibus
805 3239 979 3286 obtuse
1020 3232 1351 3298 cnspidulatis
1390 3231 1497 3281 basi
1532 3228 1921 3280 cuneiformibns

72 3342 122 3389 in
166 3341 396 3404 petiolum
437 3340 588 3403 longe
632 3337 1010 3388 decurrentibus
1052 3335 1224 3383 subtus
1267 3332 1651 3382 canescentibus
1691 3328 1922 3377 subtilis·

75 3442 196 3488 sime
236 3439 600 3489 tomentosulis.

218 3538 300 3585 Rei
342 3538 453 3601 Ega
492 3553 568 3587 am
613 3535 1049 3585 AmazonenssusS.
1128 3530 1423 3594 Poeppig
1466 3546 1517 3580 n.
1543 3527 1698 3577 2908.
