2211 4044
328 259 436 313 514
1093 291 1184 299 --

399 389 471 434 G.
509 387 847 435 reflectens
887 381 951 432 N.
976 382 1038 429 ab
1063 380 1123 430 E.
1199 375 1376 426 Ramis
1410 373 1707 439 junioribus
1747 376 2049 430 tomentosis
2089 377 2206 427 adr

329 482 450 535 ultis
489 482 946 548 glabrescentibus,
985 479 1120 527 foliis
1159 473 1395 538 oblongis
1423 473 1588 524 acutis
1629 488 1790 539 supra
1826 475 2025 540 glabris
2056 477 2181 527 sub-

328 593 410 634 tus
459 583 675 633 molliter
727 579 1105 645 pubescentibus
1155 579 1317 638 (arcte
1368 574 1701 640 reticulatis),
1776 574 2051 625 filamentis
2090 589 2181 625 an·

331 684 475 736 lbera
514 682 856 744 subquadrata
897 676 1245 737 brevioribus,
1288 673 1554 738 periantbii
1595 674 1798 725 laciniis
1838 673 2068 727 reflexio·
2148 702 2169 737 χ

469 781 661 830 Similis
703 777 765 830 G.
805 777 1076 838 hirsutae,
1115 773 1282 822 differt
1324 773 1560 824 soliorum
1602 775 1694 824 reti
1735 772 1993 837 densiori,
2040 770 2184 824 veuit

329 881 609 930 costalibus
651 878 866 941 (5—6)
907 875 1247 938 tenuioribus,
1289 873 1542 938 paniculis
1583 875 1868 925 laxioribus
1893 872 2184 940 (biremis),

327 979 535 1028 floribus
577 977 876 1026 minoribus.

468 1076 538 1125 Im
581 1074 877 1123 brittischen
921 1071 1140 1123 Guiaua.
1217 1071 1394 1123 Rich.
1435 1069 1904 1136 Schomburgk
1943 1086 1994 1122 u.
2023 1068 2146 1122 801.

397 1208 466 1253 G.
506 1205 904 1263 dysodantha
939 1199 1001 1251 N.
1041 1201 1105 1249 ab
1145 1200 1207 1250 Ε.
1284 1174 1509 1262 Glabra‚
1552 1197 1693 1248 foliis
1734 1197 1975 1263 oblongis
2013 1196 2184 1262 cuspi-

325 1303 456 1355 datis
498 1302 602 1350 basi
646 1302 806 1350 acutis
846 1299 1155 1362 reticulatis,
1205 1298 1412 1349 floribus
1455 1297 1951 1363 strigiloso-canis,
2002 1296 2182 1347 anthe·

326 1404 399 1452 ris
441 1402 602 1450 ovatis
644 1399 952 1448 filameutum
994 1399 1355 1462 aequantibus,
1431 1397 1564 1447 tertii
1622 1396 1816 1447 ordinis
1864 1395 2182 1448 brevioribus

325 1500 683 1551 mucrouulatis
725 1499 860 1548 iufra
898 1498 1087 1562 apicem
1130 1498 1495 1547 bilocularibus
1537 1497 1718 1552 loculis
1758 1494 2082 1546 orbiculatis.
2166 1541 2170 1544 ⁴

465 1601 695 1649 Lam-us
741 1595 1085 1661 dysodantha
1136 1596 1213 1648 Fl.
1262 1596 1374 1647 Per.
1427 1598 1501 1646 ed.
1554 1594 1714 1646 Ruiz
1768 1595 1819 1644 in
1857 1594 2014 1645 Herb.
2066 1608 2181 1659 geu.

323 1698 488 1749 Berol.
528 1698 801 1765 (specimen
840 1696 1130 1759 imperfectu
1142 1693 1223 1762 m).

464 1811 610 1873 Quod
653 1812 713 1860 ad
754 1810 982 1860 habitum
1018 1805 1469 1874 Leptodaphnae
1511 1805 1869 1871 propinquior,
1926 1808 2013 1854 sed
2052 1804 2181 1853 intc-

322 1911 428 1960 rior
479 1910 616 1959 ssoris
667 1909 844 1975 (unius
907 1924 937 1958 a
995 1925 1070 1957 me
1131 1906 1434 1970 examinati)
1497 1914 1757 1955 structura
1806 1903 2180 1970 Goeppertiae

322 2009 539 2074 speciem
580 2026 688 2059 esse
731 2009 910 2073 prodit.
1020 2007 1268 2057 Valvulae
1308 2006 1587 2057 loculorum
1629 2006 1870 2056 antherae
1908 2005 2181 2053 subrotun-

322 2110 415 2159 dae
452 2119 564 2159 sunt
601 2119 645 2157 et
685 2109 929 2176 tumidae,
969 2107 1154 2156 coloris
1196 2106 1340 2155 fulvi.
1420 2105 1627 2155 Fundus
1668 2102 1937 2170 periauthii
1980 2102 2180 2153 minime

319 2208 547 2258 hirsutus
587 2218 692 2273 est,
747 2216 796 2256 ut
850 2208 901 2256 in
943 2207 1058 2256 ssore
1096 2203 1553 2272 Leptodaphnes.
1665 2205 1797 2255 Tum
1839 2203 2181 2270 perianthium

319 2318 464 2358 extus
504 2309 817 2372 strigositate
859 2307 1032 2358 subtili
1087 2307 1339 2370 canescit,
1401 2307 1529 2369 quod
1580 2306 1817 2370 glabrum
1875 2305 1924 2355 iu
1969 2302 2178 2370 Lepto-

318 2406 554 2473 daplme.
632 2406 781 2456 Folia
817 2406 977 2456 6—7
1019 2405 1140 2470 poll.
1185 2406 1374 2471 longa,
1413 2405 1536 2474 2¹s‘2
1577 2404 1706 2469 poll.
1750 2403 1878 2470 lata,
1917 2402 2175 2453 evidenter

317 2507 612 2571 reticulata,
650 2506 827 2556 nitida.
904 2503 1152 2555 Panicula
1192 2505 1349 2568 laxa,
1395 2504 1654 2569 flexuosa,
1711 2501 1993 2566 pauciflora
2039 2502 2177 2552 vide-

319 2607 479 2656 batur.
556 2605 793 2655 Pedicolli
836 2607 1031 2655 fructus
1075 2604 1308 2654 nonnihil
1350 2603 1961 2663 obconieo-incrassati,
2016 2601 2049 2650 6
2092 2601 2178 2652 lin.

315 2706 475 2770 longi.
551 2704 748 2767 Cupula
790 2704 1199 2768 pateraeformis,
1242 2703 1408 2754 3—4
1450 2704 1538 2752 liu.
1576 2703 1844 2755 diametro.
1884 2729 1952 2739 —-
1988 2699 2173 2765 „Diei-

315 2803 425 2854 ca.”
501 2803 670 2854 Ruiz
715 2804 748 2852 l.
789 2820 831 2853 c.

456 2900 671 2949 Macara
710 2902 760 2948 in
799 2900 946 2951 Peru.
1022 2900 1203 2949 Ruiz.

389 3031 458 3075 G.
497 3027 841 3086 longifolia
882 3023 947 3076 N.
976 3026 1037 3073 ab
1069 3025 1128 3076 E.
1170 3022 1306 3088 Syst.
1346 3023 1499 3074 Laur.
1543 3039 1590 3086 p.
1631 3021 1752 3073 368.

455 3124 655 3174 Ocotea
693 3120 1041 3172 marbacensis
1082 3090 1378 3187 Poeppig:
1417 3139 1464 3171 u.
1506 3120 1660 3171 1520.
1699 3122 1819 3188 (nec
1857 3120 1927 3175 H.
1966 3127 2012 3171 et
2039 3119 2146 3185 K.).

455 3225 546 3272 Am
586 3222 1006 3272 Amazonenssuss
1050 3224 1145 3271 und
1191 3221 1279 3270 auf
1320 3222 1411 3270 deu
1443 3222 1612 3272 Audes
1655 3238 1752 3271 von
1781 3221 1931 3274 Peru.
1969 3219 2173 3283 Poep-

326 3322 421 3386 pig
463 3339 512 3373 u.
551 3320 703 3372 1520.

387 3455 462 3499 G.
500 3455 803 3499 anomala
840 3449 902 3499 N.
945 3451 1007 3498 ub
1049 3451 1110 3500 E.
1154 3451 1294 3514 Syst.
1336 3451 1495 3502 Laur.
1538 3467 1585 3514 p.
1626 3449 1747 3501 370.

453 3549 539 3598 Bei
586 3549 694 3614 Ega
729 3564 807 3598 am
849 3550 1308 3602 Amazoneussusse.
1351 3549 1420 3613 ἅ.
1460 3548 1757 3613 Poeppig
1797 3547 2036 3599 n.2552.
