<?xml version="1.0" encoding="UTF-8"?>
<!DOCTYPE html PUBLIC "-//W3C//DTD XHTML 1.0 Transitional//EN"
    "http://www.w3.org/TR/xhtml1/DTD/xhtml1-transitional.dtd">
<html xmlns="http://www.w3.org/1999/xhtml" xml:lang="en" lang="en">
 <head>
  <title>
</title>
<meta http-equiv="Content-Type" content="text/html;charset=utf-8" />
  <meta name='ocr-system' content='tesseract 3.04.00' />
  <meta name='ocr-capabilities' content='ocr_page ocr_carea ocr_par ocr_line ocrx_word'/>
</head>
<body>
  <div class='ocr_page' id='page_1' title='image "./beitrgezueinerfl35klot_0134.png"; bbox 0 0 2211 4044; ppageno 0'>
   <div class='ocr_carea' id='block_1_1' title="bbox 1282 225 1438 233">
    <p class='ocr_par' dir='ltr' id='par_1_1' title="bbox 1282 225 1438 233">
     <span class='ocr_line' id='line_1_1' title="bbox 1282 225 1438 233; baseline 0.006 -1"><span class='ocrx_word' id='word_1_1' title='bbox 1282 225 1438 233; x_wconf 70' lang='lat'>---—-</span> 
     </span>
    </p>
   </div>
   <div class='ocr_carea' id='block_1_2' title="bbox 305 206 410 257">
    <p class='ocr_par' dir='ltr' id='par_1_2' title="bbox 305 206 410 257">
     <span class='ocr_line' id='line_1_2' title="bbox 305 206 410 257; baseline -0.01 0"><span class='ocrx_word' id='word_1_2' title='bbox 305 206 410 257; x_wconf 71' lang='lat'><strong>514</strong></span> 
     </span>
    </p>
   </div>
   <div class='ocr_carea' id='block_1_3' title="bbox 1063 229 1280 239">
    <p class='ocr_par' dir='ltr' id='par_1_3' title="bbox 1063 229 1280 239">
     <span class='ocr_line' id='line_1_3' title="bbox 1063 229 1280 239; baseline 0 3805"><span class='ocrx_word' id='word_1_3' title='bbox 1063 229 1280 239; x_wconf 95' lang='lat' dir='ltr'><strong> </strong></span> 
     </span>
    </p>
   </div>
   <div class='ocr_carea' id='block_1_4' title="bbox 454 316 2170 484">
    <p class='ocr_par' dir='ltr' id='par_1_4' title="bbox 454 316 2170 484">
     <span class='ocr_line' id='line_1_4' title="bbox 454 316 2167 392; baseline -0.004 -17"><span class='ocrx_word' id='word_1_4' title='bbox 454 325 670 392; x_wconf 67' lang='lat' dir='ltr'><strong>Mojiw,</strong></span> <span class='ocrx_word' id='word_1_5' title='bbox 714 342 787 391; x_wconf 87' lang='lat' dir='ltr'><strong>pr.</strong></span> <span class='ocrx_word' id='word_1_6' title='bbox 826 325 871 373; x_wconf 90' lang='lat' dir='ltr'><strong>el</strong></span> <span class='ocrx_word' id='word_1_7' title='bbox 912 327 1089 376; x_wconf 79' lang='lat' dir='ltr'><strong>banco.</strong></span> <span class='ocrx_word' id='word_1_8' title='bbox 1136 321 1252 372; x_wconf 84' lang='lat' dir='ltr'><strong>Jan.</strong></span> <span class='ocrx_word' id='word_1_9' title='bbox 1296 317 1463 369; x_wconf 72' lang='lat'><strong>1839:</strong></span> <span class='ocrx_word' id='word_1_10' title='bbox 1511 316 1572 368; x_wconf 87' lang='lat' dir='ltr'><strong>C.</strong></span> <span class='ocrx_word' id='word_1_11' title='bbox 1616 318 1912 383; x_wconf 77' lang='lat' dir='ltr'><strong>Ehrenberg</strong></span> <span class='ocrx_word' id='word_1_12' title='bbox 1950 336 2004 373; x_wconf 84' lang='grc' dir='ltr'><strong>ιι.</strong></span> <span class='ocrx_word' id='word_1_13' title='bbox 2044 319 2167 375; x_wconf 75' lang='grc'><strong>939,</strong></span> 
     </span>
     <span class='ocr_line' id='line_1_5' title="bbox 456 413 2170 484; baseline -0.004 -12"><span class='ocrx_word' id='word_1_14' title='bbox 456 423 575 473; x_wconf 78' lang='lat' dir='ltr'><strong>obs.</strong></span> <span class='ocrx_word' id='word_1_15' title='bbox 651 423 873 473; x_wconf 84' lang='lat' dir='ltr'>Eandem</span> <span class='ocrx_word' id='word_1_16' title='bbox 915 422 967 470; x_wconf 88' lang='lat' dir='ltr'><strong>in</strong></span> <span class='ocrx_word' id='word_1_17' title='bbox 1006 415 1177 483; x_wconf 76' lang='lat' dir='ltr'><strong>Mejici</strong></span> <span class='ocrx_word' id='word_1_18' title='bbox 1219 431 1360 479; x_wconf 81' lang='lat' dir='ltr'><strong>prov.</strong></span> <span class='ocrx_word' id='word_1_19' title='bbox 1418 414 1634 464; x_wconf 83' lang='lat' dir='ltr'>Oaxaca</span> <span class='ocrx_word' id='word_1_20' title='bbox 1670 413 1811 478; x_wconf 86' lang='lat' dir='ltr'><strong>prius</strong></span> <span class='ocrx_word' id='word_1_21' title='bbox 1862 415 1984 484; x_wconf 75' lang='lat' dir='ltr'><strong>legit</strong></span> <span class='ocrx_word' id='word_1_22' title='bbox 2020 416 2170 468; x_wconf 83' lang='lat' dir='ltr'><strong>Som-</strong></span> 
     </span>
    </p>
   </div>
   <div class='ocr_carea' id='block_1_5' title="bbox 316 519 1020 572">
    <p class='ocr_par' dir='ltr' id='par_1_5' title="bbox 316 519 1020 572">
     <span class='ocr_line' id='line_1_6' title="bbox 316 519 1020 572; baseline -0.011 0"><span class='ocrx_word' id='word_1_23' title='bbox 316 520 580 572; x_wconf 79' lang='lat' dir='ltr'><strong>mersehu!</strong></span> <span class='ocrx_word' id='word_1_24' title='bbox 620 519 1020 569; x_wconf 84' lang='lat' dir='ltr'><strong>Carlsruhanus.</strong></span> 
     </span>
    </p>
   </div>
   <div class='ocr_carea' id='block_1_6' title="bbox 317 724 2174 887">
    <p class='ocr_par' dir='ltr' id='par_1_6' title="bbox 317 724 2174 887">
     <span class='ocr_line' id='line_1_7' title="bbox 317 724 2174 792; baseline -0.006 -5"><span class='ocrx_word' id='word_1_25' title='bbox 317 736 432 788; x_wconf 80' lang='lat' dir='ltr'><strong>Div.</strong></span> <span class='ocrx_word' id='word_1_26' title='bbox 471 736 532 787; x_wconf 89' lang='lat' dir='ltr'><strong>ll.</strong></span> <span class='ocrx_word' id='word_1_27' title='bbox 609 727 1215 783; x_wconf 86' lang='lat' dir='ltr'><strong>ELEPHANTOPEAE</strong></span> <span class='ocrx_word' id='word_1_28' title='bbox 1254 727 1404 780; x_wconf 83' lang='lat' dir='ltr'>Cass.</span> <span class='ocrx_word' id='word_1_29' title='bbox 1442 756 1512 766; x_wconf 90' lang='lat'><em>-</em></span> <span class='ocrx_word' id='word_1_30' title='bbox 1552 728 1701 781; x_wconf 79' lang='lat' dir='ltr'><strong>LeSS.</strong></span> <span class='ocrx_word' id='word_1_31' title='bbox 1735 757 1803 766; x_wconf 94' lang='lat'><strong>—</strong></span> <span class='ocrx_word' id='word_1_32' title='bbox 1851 725 1958 778; x_wconf 86' lang='lat' dir='ltr'><strong>DC.</strong></span> <span class='ocrx_word' id='word_1_33' title='bbox 1996 743 2074 792; x_wconf 86' lang='lat' dir='ltr'><strong>pr.</strong></span> <span class='ocrx_word' id='word_1_34' title='bbox 2113 724 2174 777; x_wconf 78' lang='lat' dir='ltr'><strong>V.</strong></span> 
     </span>
     <span class='ocr_line' id='line_1_8' title="bbox 1159 825 1321 887; baseline -0.006 -11"><span class='ocrx_word' id='word_1_35' title='bbox 1159 840 1208 887; x_wconf 85' lang='lat' dir='ltr'><strong>p.</strong></span> <span class='ocrx_word' id='word_1_36' title='bbox 1237 825 1321 875; x_wconf 83' lang='lat'><strong>85.</strong></span> 
     </span>
    </p>
   </div>
   <div class='ocr_carea' id='block_1_7' title="bbox 320 932 2180 1208">
    <p class='ocr_par' dir='ltr' id='par_1_7' title="bbox 320 932 2180 1208">
     <span class='ocr_line' id='line_1_9' title="bbox 457 932 2175 1016; baseline -0.004 -12"><span class='ocrx_word' id='word_1_37' title='bbox 457 954 659 1004; x_wconf 84' lang='lat' dir='ltr'><strong>Genera</strong></span> <span class='ocrx_word' id='word_1_38' title='bbox 699 952 728 1000; x_wconf 88' lang='lat'><strong>3</strong></span> <span class='ocrx_word' id='word_1_39' title='bbox 770 950 918 1016; x_wconf 83' lang='lat' dir='ltr'><strong>hujus</strong></span> <span class='ocrx_word' id='word_1_40' title='bbox 962 932 1241 1012; x_wconf 55' lang='lat' dir='ltr'><strong>divisionis,</strong></span> <span class='ocrx_word' id='word_1_41' title='bbox 1283 966 1486 1014; x_wconf 83' lang='lat' dir='ltr'><strong>nempe:</strong></span> <span class='ocrx_word' id='word_1_42' title='bbox 1528 947 1964 1015; x_wconf 56' lang='lat' dir='ltr'><strong>Elegwhantopus</strong></span> <span class='ocrx_word' id='word_1_43' title='bbox 2000 935 2175 1011; x_wconf 63' lang='lat' dir='ltr'><strong>Cass„</strong></span> 
     </span>
     <span class='ocr_line' id='line_1_10' title="bbox 320 1044 2173 1117; baseline -0.006 -14"><span class='ocrx_word' id='word_1_44' title='bbox 320 1049 714 1117; x_wconf 78' lang='lat' dir='ltr'><strong>Elephantosis</strong></span> <span class='ocrx_word' id='word_1_45' title='bbox 754 1049 899 1098; x_wconf 87' lang='lat' dir='ltr'><strong>Less.</strong></span> <span class='ocrx_word' id='word_1_46' title='bbox 940 1056 983 1096; x_wconf 85' lang='lat' dir='ltr'><strong>et</strong></span> <span class='ocrx_word' id='word_1_47' title='bbox 1023 1046 1353 1112; x_wconf 76' lang='lat' dir='ltr'><strong>Distreptus</strong></span> <span class='ocrx_word' id='word_1_48' title='bbox 1392 1045 1543 1097; x_wconf 82' lang='lat' dir='ltr'>Cass.</span> <span class='ocrx_word' id='word_1_49' title='bbox 1586 1063 1615 1096; x_wconf 82' lang='lat' dir='ltr'>a</span> <span class='ocrx_word' id='word_1_50' title='bbox 1656 1046 1721 1096; x_wconf 83' lang='lat' dir='ltr'><strong>cl.</strong></span> <span class='ocrx_word' id='word_1_51' title='bbox 1765 1044 1867 1097; x_wconf 84' lang='lat' dir='ltr'><strong>DC.</strong></span> <span class='ocrx_word' id='word_1_52' title='bbox 1909 1044 1946 1099; x_wconf 88' lang='lat' dir='ltr'><strong>l.</strong></span> <span class='ocrx_word' id='word_1_53' title='bbox 1983 1061 2030 1098; x_wconf 82' lang='lat' dir='ltr'><strong>c.</strong></span> <span class='ocrx_word' id='word_1_54' title='bbox 2053 1060 2173 1094; x_wconf 85' lang='lat' dir='ltr'><strong>enu-</strong></span> 
     </span>
     <span class='ocr_line' id='line_1_11' title="bbox 321 1139 2180 1208; baseline -0.005 -10"><span class='ocrx_word' id='word_1_55' title='bbox 321 1158 512 1199; x_wconf 83' lang='lat' dir='ltr'><strong>merata</strong></span> <span class='ocrx_word' id='word_1_56' title='bbox 551 1154 595 1194; x_wconf 91' lang='lat' dir='ltr'><strong>et</strong></span> <span class='ocrx_word' id='word_1_57' title='bbox 636 1147 912 1194; x_wconf 77' lang='lat' dir='ltr'><strong>seeundum</strong></span> <span class='ocrx_word' id='word_1_58' title='bbox 957 1159 1174 1207; x_wconf 83' lang='lat' dir='ltr'><strong>pappum</strong></span> <span class='ocrx_word' id='word_1_59' title='bbox 1217 1144 1453 1207; x_wconf 83' lang='lat' dir='ltr'><strong>formata,</strong></span> <span class='ocrx_word' id='word_1_60' title='bbox 1492 1144 1614 1191; x_wconf 89' lang='lat' dir='ltr'><strong>duce</strong></span> <span class='ocrx_word' id='word_1_61' title='bbox 1641 1143 1702 1193; x_wconf 90' lang='lat' dir='ltr'><strong>cl.</strong></span> <span class='ocrx_word' id='word_1_62' title='bbox 1730 1141 1997 1208; x_wconf 82' lang='lat' dir='ltr'><strong>Gaertner,</strong></span> <span class='ocrx_word' id='word_1_63' title='bbox 2037 1139 2180 1189; x_wconf 78' lang='lat' dir='ltr'><strong>End-</strong></span> 
     </span>
    </p>
   </div>
   <div class='ocr_carea' id='block_1_8' title="bbox 323 1240 1428 1304">
    <p class='ocr_par' dir='ltr' id='par_1_8' title="bbox 323 1240 1428 1304">
     <span class='ocr_line' id='line_1_12' title="bbox 323 1240 1428 1304; baseline -0.008 -10"><span class='ocrx_word' id='word_1_64' title='bbox 323 1244 482 1294; x_wconf 86' lang='lat' dir='ltr'><strong>licher</strong></span> <span class='ocrx_word' id='word_1_65' title='bbox 521 1243 736 1304; x_wconf 84' lang='lat' dir='ltr'><strong>aliisque</strong></span> <span class='ocrx_word' id='word_1_66' title='bbox 767 1249 814 1289; x_wconf 88' lang='lat' dir='ltr'><strong>ut</strong></span> <span class='ocrx_word' id='word_1_67' title='bbox 857 1240 1149 1304; x_wconf 82' lang='lat' dir='ltr'><strong>subgeuera</strong></span> <span class='ocrx_word' id='word_1_68' title='bbox 1190 1253 1428 1302; x_wconf 79' lang='lat' dir='ltr'><strong>agnosco.</strong></span> 
     </span>
    </p>
   </div>
   <div class='ocr_carea' id='block_1_9' title="bbox 318 1384 2191 3483">
    <p class='ocr_par' dir='ltr' id='par_1_9' title="bbox 467 1384 2022 1451">
     <span class='ocr_line' id='line_1_13' title="bbox 467 1384 2022 1451; baseline -0.003 -11"><span class='ocrx_word' id='word_1_69' title='bbox 467 1390 634 1441; x_wconf 86' lang='lat' dir='ltr'><strong>Sectio</strong></span> <span class='ocrx_word' id='word_1_70' title='bbox 675 1389 716 1441; x_wconf 90' lang='grc' dir='ltr'><strong>Ι.</strong></span> <span class='ocrx_word' id='word_1_71' title='bbox 794 1388 1389 1451; x_wconf 85' lang='lat' dir='ltr'><strong>Euelephantopus</strong></span> <span class='ocrx_word' id='word_1_72' title='bbox 1429 1387 1579 1435; x_wconf 88' lang='lat' dir='ltr'><strong>Endl.</strong></span> <span class='ocrx_word' id='word_1_73' title='bbox 1619 1403 1733 1451; x_wconf 79' lang='lat' dir='ltr'><strong>gen.</strong></span> <span class='ocrx_word' id='word_1_74' title='bbox 1777 1402 1824 1435; x_wconf 89' lang='lat' dir='ltr'><strong>n.</strong></span> <span class='ocrx_word' id='word_1_75' title='bbox 1861 1384 2022 1436; x_wconf 87' lang='lat'><strong>2231.</strong></span> 
     </span>
    </p>

    <p class='ocr_par' dir='ltr' id='par_1_10' title="bbox 318 1482 2191 2615">
     <span class='ocr_line' id='line_1_14' title="bbox 466 1482 2181 1544; baseline -0.005 -7"><span class='ocrx_word' id='word_1_76' title='bbox 466 1487 723 1537; x_wconf 83' lang='lat' dir='ltr'><strong>Aehaenia</strong></span> <span class='ocrx_word' id='word_1_77' title='bbox 763 1484 1296 1534; x_wconf 81' lang='lat' dir='ltr'><strong>columnari-clavata</strong></span> <span class='ocrx_word' id='word_1_78' title='bbox 1346 1482 1382 1534; x_wconf 88' lang='lat' dir='ltr'><strong>i.</strong></span> <span class='ocrx_word' id='word_1_79' title='bbox 1423 1499 1465 1532; x_wconf 90' lang='lat' dir='ltr'><strong>e.</strong></span> <span class='ocrx_word' id='word_1_80' title='bbox 1516 1482 1713 1530; x_wconf 80' lang='lat' dir='ltr'><strong>inferne</strong></span> <span class='ocrx_word' id='word_1_81' title='bbox 1755 1488 2043 1544; x_wconf 83' lang='lat' dir='ltr'><strong>attenuata,</strong></span> <span class='ocrx_word' id='word_1_82' title='bbox 2094 1496 2181 1531; x_wconf 83' lang='lat' dir='ltr'><strong>sn-</strong></span> 
     </span>
     <span class='ocr_line' id='line_1_15' title="bbox 326 1577 2181 1649; baseline -0.002 -17"><span class='ocrx_word' id='word_1_83' title='bbox 326 1600 477 1649; x_wconf 87' lang='lat' dir='ltr'><strong>perne</strong></span> <span class='ocrx_word' id='word_1_84' title='bbox 516 1583 758 1643; x_wconf 81' lang='lat' dir='ltr'><strong>dilatata,</strong></span> <span class='ocrx_word' id='word_1_85' title='bbox 799 1583 942 1643; x_wconf 71' lang='lat' dir='ltr'><strong>apice</strong></span> <span class='ocrx_word' id='word_1_86' title='bbox 984 1581 1134 1643; x_wconf 82' lang='lat' dir='ltr'><strong>paulo</strong></span> <span class='ocrx_word' id='word_1_87' title='bbox 1179 1587 1424 1639; x_wconf 79' lang='lat' dir='ltr'><strong>attracta,</strong></span> <span class='ocrx_word' id='word_1_88' title='bbox 1468 1577 1814 1642; x_wconf 83' lang='lat' dir='ltr'><strong>lO-costata‚</strong></span> <span class='ocrx_word' id='word_1_89' title='bbox 1853 1578 1984 1626; x_wconf 87' lang='lat' dir='ltr'><strong>inter</strong></span> <span class='ocrx_word' id='word_1_90' title='bbox 2007 1585 2181 1628; x_wconf 80' lang='lat' dir='ltr'><strong>costas</strong></span> 
     </span>
     <span class='ocr_line' id='line_1_16' title="bbox 318 1675 2183 1745; baseline -0.004 -15"><span class='ocrx_word' id='word_1_91' title='bbox 318 1681 443 1745; x_wconf 79' lang='lat' dir='ltr'><strong>plus</strong></span> <span class='ocrx_word' id='word_1_92' title='bbox 485 1679 710 1728; x_wconf 82' lang='lat' dir='ltr'><strong>minusve</strong></span> <span class='ocrx_word' id='word_1_93' title='bbox 748 1677 914 1739; x_wconf 85' lang='lat' dir='ltr'><strong>hirta,</strong></span> <span class='ocrx_word' id='word_1_94' title='bbox 958 1678 1076 1741; x_wconf 89' lang='lat' dir='ltr'><strong>pilis</strong></span> <span class='ocrx_word' id='word_1_95' title='bbox 1117 1675 1376 1739; x_wconf 76' lang='lat' dir='ltr'><strong>atlpressis</strong></span> <span class='ocrx_word' id='word_1_96' title='bbox 1419 1678 1681 1739; x_wconf 85' lang='lat' dir='ltr'><strong>qandoque</strong></span> <span class='ocrx_word' id='word_1_97' title='bbox 1725 1683 1822 1724; x_wconf 87' lang='lat' dir='ltr'><strong>tam</strong></span> <span class='ocrx_word' id='word_1_98' title='bbox 1862 1675 2101 1724; x_wconf 78' lang='lat' dir='ltr'><strong>confertis</strong></span> <span class='ocrx_word' id='word_1_99' title='bbox 2130 1681 2183 1723; x_wconf 78' lang='lat' dir='ltr'><strong>nt</strong></span> 
     </span>
     <span class='ocr_line' id='line_1_17' title="bbox 326 1773 2182 1841; baseline -0.005 -12"><span class='ocrx_word' id='word_1_100' title='bbox 326 1793 546 1841; x_wconf 79' lang='lat' dir='ltr'>superne</span> <span class='ocrx_word' id='word_1_101' title='bbox 589 1791 809 1838; x_wconf 81' lang='lat' dir='ltr'><strong>pappum</strong></span> <span class='ocrx_word' id='word_1_102' title='bbox 850 1783 1110 1823; x_wconf 80' lang='lat' dir='ltr'><strong>externum</strong></span> <span class='ocrx_word' id='word_1_103' title='bbox 1163 1776 1362 1822; x_wconf 75' lang='lat' dir='ltr'><strong>brevem</strong></span> <span class='ocrx_word' id='word_1_104' title='bbox 1418 1773 1666 1837; x_wconf 77' lang='lat' dir='ltr'><strong>forment,</strong></span> <span class='ocrx_word' id='word_1_105' title='bbox 1730 1774 2030 1836; x_wconf 84' lang='lat' dir='ltr'>quandoque</span> <span class='ocrx_word' id='word_1_106' title='bbox 2063 1786 2182 1821; x_wconf 81' lang='lat' dir='ltr'><strong>vero</strong></span> 
     </span>
     <span class='ocr_line' id='line_1_18' title="bbox 326 1868 2182 1940; baseline -0.004 -17"><span class='ocrx_word' id='word_1_107' title='bbox 326 1872 702 1940; x_wconf 81' lang='lat' dir='ltr'><strong>glabreseentia</strong></span> <span class='ocrx_word' id='word_1_108' title='bbox 744 1880 788 1919; x_wconf 86' lang='lat' dir='ltr'><strong>et</strong></span> <span class='ocrx_word' id='word_1_109' title='bbox 828 1887 1043 1933; x_wconf 88' lang='lat' dir='ltr'><strong>superne</strong></span> <span class='ocrx_word' id='word_1_110' title='bbox 1084 1877 1274 1919; x_wconf 85' lang='lat' dir='ltr'><strong>tantum</strong></span> <span class='ocrx_word' id='word_1_111' title='bbox 1318 1869 1436 1934; x_wconf 89' lang='lat' dir='ltr'><strong>pilis</strong></span> <span class='ocrx_word' id='word_1_112' title='bbox 1477 1869 1676 1932; x_wconf 85' lang='lat' dir='ltr'>sparsis</span> <span class='ocrx_word' id='word_1_113' title='bbox 1717 1868 1987 1920; x_wconf 83' lang='lat' dir='ltr'><strong>instructa.</strong></span> <span class='ocrx_word' id='word_1_114' title='bbox 2045 1868 2182 1931; x_wconf 82' lang='lat' dir='ltr'><strong>Pap-</strong></span> 
     </span>
     <span class='ocr_line' id='line_1_19' title="bbox 326 1963 2186 2034; baseline -0.004 -16"><span class='ocrx_word' id='word_1_115' title='bbox 326 1986 423 2034; x_wconf 85' lang='lat' dir='ltr'><strong>pus</strong></span> <span class='ocrx_word' id='word_1_116' title='bbox 465 1967 777 2029; x_wconf 85' lang='lat' dir='ltr'><strong>l-serialis,</strong></span> <span class='ocrx_word' id='word_1_117' title='bbox 817 1968 1093 2030; x_wconf 80' lang='lat' dir='ltr'><strong>persistens</strong></span> <span class='ocrx_word' id='word_1_118' title='bbox 1126 1983 1150 2014; x_wconf 89' lang='lat' dir='ltr'><strong>e</strong></span> <span class='ocrx_word' id='word_1_119' title='bbox 1193 1965 1354 2028; x_wconf 84' lang='lat' dir='ltr'><strong>paleis</strong></span> <span class='ocrx_word' id='word_1_120' title='bbox 1397 1965 1701 2029; x_wconf 87' lang='lat' dir='ltr'><strong>compositus</strong></span> <span class='ocrx_word' id='word_1_121' title='bbox 1743 1981 1793 2014; x_wconf 90' lang='lat' dir='ltr'><strong>n.</strong></span> <span class='ocrx_word' id='word_1_122' title='bbox 1832 1966 1863 2013; x_wconf 85' lang='lat'>5</span> <span class='ocrx_word' id='word_1_123' title='bbox 1905 1963 2186 2030; x_wconf 83' lang='lat' dir='ltr'><strong>(rarius—-</strong></span> 
     </span>
     <span class='ocr_line' id='line_1_20' title="bbox 330 2043 2191 2135; baseline -0.003 -19"><span class='ocrx_word' id='word_1_124' title='bbox 330 2067 400 2135; x_wconf 89' lang='lat'><strong>8)</strong></span> <span class='ocrx_word' id='word_1_125' title='bbox 444 2066 611 2128; x_wconf 86' lang='lat' dir='ltr'><strong>rectis,</strong></span> <span class='ocrx_word' id='word_1_126' title='bbox 655 2065 882 2127; x_wconf 73' lang='lat' dir='ltr'><strong>setaceiS,</strong></span> <span class='ocrx_word' id='word_1_127' title='bbox 924 2063 1262 2125; x_wconf 81' lang='lat' dir='ltr'>denticulatis,</span> <span class='ocrx_word' id='word_1_128' title='bbox 1304 2062 1413 2110; x_wconf 85' lang='lat' dir='ltr'><strong>basi</strong></span> <span class='ocrx_word' id='word_1_129' title='bbox 1443 2060 1492 2109; x_wconf 91' lang='lat' dir='ltr'><strong>in</strong></span> <span class='ocrx_word' id='word_1_130' title='bbox 1534 2043 1910 2112; x_wconf 84' lang='lat' dir='ltr'><strong>scariositatem</strong></span> <span class='ocrx_word' id='word_1_131' title='bbox 1948 2061 2191 2126; x_wconf 83' lang='lat' dir='ltr'><strong>expansis</strong></span> 
     </span>
     <span class='ocr_line' id='line_1_21' title="bbox 330 2158 2187 2227; baseline -0.003 -16"><span class='ocrx_word' id='word_1_132' title='bbox 330 2162 1050 2227; x_wconf 78' lang='lat' dir='ltr'><strong>triangulari-lanceolatam,</strong></span> <span class='ocrx_word' id='word_1_133' title='bbox 1092 2161 1320 2225; x_wconf 81' lang='lat' dir='ltr'><strong>margine</strong></span> <span class='ocrx_word' id='word_1_134' title='bbox 1349 2158 1961 2222; x_wconf 71' lang='lat' dir='ltr'><strong>denticulato-citimam,</strong></span> <span class='ocrx_word' id='word_1_135' title='bbox 1997 2158 2187 2207; x_wconf 82' lang='lat' dir='ltr'><strong>achae-</strong></span> 
     </span>
     <span class='ocr_line' id='line_1_22' title="bbox 330 2254 2187 2322; baseline -0.002 -14"><span class='ocrx_word' id='word_1_136' title='bbox 330 2259 399 2308; x_wconf 85' lang='lat' dir='ltr'><strong>nii</strong></span> <span class='ocrx_word' id='word_1_137' title='bbox 445 2258 809 2322; x_wconf 78' lang='lat' dir='ltr'><strong>longitudinem</strong></span> <span class='ocrx_word' id='word_1_138' title='bbox 851 2259 1265 2320; x_wconf 82' lang='lat' dir='ltr'><strong>subaequantem.</strong></span> <span class='ocrx_word' id='word_1_139' title='bbox 1299 2286 1369 2293; x_wconf 92' lang='lat'><strong>—</strong></span> <span class='ocrx_word' id='word_1_140' title='bbox 1449 2254 1654 2304; x_wconf 83' lang='lat' dir='ltr'><strong>Herbae</strong></span> <span class='ocrx_word' id='word_1_141' title='bbox 1693 2255 1957 2306; x_wconf 69' lang='lat' dir='ltr'><strong>American</strong></span> <span class='ocrx_word' id='word_1_142' title='bbox 1987 2255 2187 2305; x_wconf 77' lang='lat' dir='ltr'><strong>calidae</strong></span> 
     </span>
     <span class='ocr_line' id='line_1_23' title="bbox 331 2350 2189 2421; baseline -0.001 -19"><span class='ocrx_word' id='word_1_143' title='bbox 331 2355 408 2404; x_wconf 82' lang='lat' dir='ltr'><strong>vel</strong></span> <span class='ocrx_word' id='word_1_144' title='bbox 447 2355 622 2404; x_wconf 85' lang='lat' dir='ltr'><strong>Indiae</strong></span> <span class='ocrx_word' id='word_1_145' title='bbox 663 2353 957 2421; x_wconf 78' lang='lat' dir='ltr'><strong>orientalis,</strong></span> <span class='ocrx_word' id='word_1_146' title='bbox 993 2356 1045 2413; x_wconf 70' lang='grc'>7-1-</span> <span class='ocrx_word' id='word_1_147' title='bbox 1085 2355 1164 2403; x_wconf 82' lang='lat' dir='ltr'><strong>vel</strong></span> <span class='ocrx_word' id='word_1_148' title='bbox 1205 2355 1445 2416; x_wconf 79' lang='lat' dir='ltr'><strong>biennes,</strong></span> <span class='ocrx_word' id='word_1_149' title='bbox 1498 2352 1892 2417; x_wconf 84' lang='lat' dir='ltr'><strong>polymorphae,</strong></span> <span class='ocrx_word' id='word_1_150' title='bbox 1942 2350 2057 2417; x_wconf 90' lang='lat' dir='ltr'><strong>plus</strong></span> <span class='ocrx_word' id='word_1_151' title='bbox 2094 2350 2189 2401; x_wconf 87' lang='lat' dir='ltr'><strong>mi-</strong></span> 
     </span>
     <span class='ocr_line' id='line_1_24' title="bbox 330 2448 2187 2516; baseline -0.001 -15"><span class='ocrx_word' id='word_1_152' title='bbox 330 2469 490 2502; x_wconf 87' lang='lat' dir='ltr'><strong>nusve</strong></span> <span class='ocrx_word' id='word_1_153' title='bbox 528 2451 1006 2516; x_wconf 83' lang='lat' dir='ltr'><strong>strigoso-hirtae,</strong></span> <span class='ocrx_word' id='word_1_154' title='bbox 1047 2451 1324 2500; x_wconf 85' lang='lat' dir='ltr'><strong>dichotome</strong></span> <span class='ocrx_word' id='word_1_155' title='bbox 1355 2452 1716 2514; x_wconf 84' lang='lat' dir='ltr'><strong>corymbosae‚</strong></span> <span class='ocrx_word' id='word_1_156' title='bbox 1756 2448 2052 2513; x_wconf 83' lang='lat' dir='ltr'><strong>glomerulis</strong></span> <span class='ocrx_word' id='word_1_157' title='bbox 2095 2465 2187 2514; x_wconf 89' lang='lat' dir='ltr'><strong>po-</strong></span> 
     </span>
     <span class='ocr_line' id='line_1_25' title="bbox 329 2546 1030 2615; baseline -0.003 -18"><span class='ocrx_word' id='word_1_158' title='bbox 329 2548 618 2615; x_wconf 81' lang='lat' dir='ltr'><strong>lycephalis</strong></span> <span class='ocrx_word' id='word_1_159' title='bbox 659 2546 1030 2597; x_wconf 83' lang='lat' dir='ltr'><strong>terminalibus.</strong></span> 
     </span>
    </p>

    <p class='ocr_par' dir='ltr' id='par_1_11' title="bbox 328 2639 2188 3094">
     <span class='ocr_line' id='line_1_26' title="bbox 471 2639 2188 2710; baseline -0.004 -14"><span class='ocrx_word' id='word_1_160' title='bbox 471 2646 524 2710; x_wconf 63' lang='grc' dir='ltr'><strong>ξ.</strong></span> <span class='ocrx_word' id='word_1_161' title='bbox 567 2646 614 2696; x_wconf 93' lang='lat' dir='ltr'><strong>l.</strong></span> <span class='ocrx_word' id='word_1_162' title='bbox 688 2643 898 2693; x_wconf 84' lang='lat' dir='ltr'><strong>Corolla</strong></span> <span class='ocrx_word' id='word_1_163' title='bbox 936 2644 1123 2707; x_wconf 82' lang='lat' dir='ltr'><strong>glabra</strong></span> <span class='ocrx_word' id='word_1_164' title='bbox 1162 2641 1264 2692; x_wconf 83' lang='lat' dir='ltr'><strong>DC.</strong></span> <span class='ocrx_word' id='word_1_165' title='bbox 1307 2659 1382 2706; x_wconf 91' lang='lat' dir='ltr'><strong>pr.</strong></span> <span class='ocrx_word' id='word_1_166' title='bbox 1418 2639 1474 2690; x_wconf 91' lang='lat' dir='ltr'><strong>V.</strong></span> <span class='ocrx_word' id='word_1_167' title='bbox 1518 2658 1565 2705; x_wconf 86' lang='lat' dir='ltr'><strong>p.</strong></span> <span class='ocrx_word' id='word_1_168' title='bbox 1602 2643 1687 2693; x_wconf 82' lang='lat'><strong>86.</strong></span> <span class='ocrx_word' id='word_1_169' title='bbox 1727 2671 1798 2678; x_wconf 91' lang='lat'><strong>—</strong></span> <span class='ocrx_word' id='word_1_170' title='bbox 1859 2642 1918 2690; x_wconf 91' lang='lat' dir='ltr'><strong>In</strong></span> <span class='ocrx_word' id='word_1_171' title='bbox 1958 2641 2188 2691; x_wconf 82' lang='lat' dir='ltr'><strong>Linnaea</strong></span> 
     </span>
     <span class='ocr_line' id='line_1_27' title="bbox 328 2737 2186 2806; baseline -0.003 -15"><span class='ocrx_word' id='word_1_172' title='bbox 328 2740 511 2792; x_wconf 87' lang='lat' dir='ltr'><strong>XVItl.</strong></span> <span class='ocrx_word' id='word_1_173' title='bbox 566 2759 612 2806; x_wconf 90' lang='lat' dir='ltr'><strong>p.</strong></span> <span class='ocrx_word' id='word_1_174' title='bbox 653 2741 775 2794; x_wconf 83' lang='lat'><strong>594.</strong></span> <span class='ocrx_word' id='word_1_175' title='bbox 819 2741 924 2806; x_wconf 85' lang='lat' dir='ltr'><strong>jam</strong></span> <span class='ocrx_word' id='word_1_176' title='bbox 978 2741 1145 2789; x_wconf 89' lang='lat' dir='ltr'><strong>monui</strong></span> <span class='ocrx_word' id='word_1_177' title='bbox 1196 2741 1393 2803; x_wconf 83' lang='lat' dir='ltr'><strong>speeies</strong></span> <span class='ocrx_word' id='word_1_178' title='bbox 1442 2740 1474 2788; x_wconf 83' lang='lat'>5</span> <span class='ocrx_word' id='word_1_179' title='bbox 1528 2737 1796 2789; x_wconf 87' lang='lat' dir='ltr'><strong>Candollei</strong></span> <span class='ocrx_word' id='word_1_180' title='bbox 1853 2737 2046 2802; x_wconf 81' lang='lat' dir='ltr'><strong>primas</strong></span> <span class='ocrx_word' id='word_1_181' title='bbox 2097 2737 2186 2787; x_wconf 83' lang='lat' dir='ltr'><strong>vix</strong></span> 
     </span>
     <span class='ocr_line' id='line_1_28' title="bbox 333 2832 2187 2902; baseline -0.003 -16"><span class='ocrx_word' id='word_1_182' title='bbox 333 2837 563 2902; x_wconf 78' lang='lat' dir='ltr'><strong>specifice</strong></span> <span class='ocrx_word' id='word_1_183' title='bbox 606 2837 823 2890; x_wconf 86' lang='lat' dir='ltr'><strong>differre.</strong></span> <span class='ocrx_word' id='word_1_184' title='bbox 936 2837 1146 2887; x_wconf 78' lang='lat' dir='ltr'><strong>variant</strong></span> <span class='ocrx_word' id='word_1_185' title='bbox 1197 2836 1328 2886; x_wconf 89' lang='lat' dir='ltr'><strong>enim</strong></span> <span class='ocrx_word' id='word_1_186' title='bbox 1374 2836 1568 2885; x_wconf 84' lang='lat' dir='ltr'><strong>formae</strong></span> <span class='ocrx_word' id='word_1_187' title='bbox 1607 2835 1692 2884; x_wconf 82' lang='lat' dir='ltr'><strong>hio</strong></span> <span class='ocrx_word' id='word_1_188' title='bbox 1732 2842 2054 2884; x_wconf 78' lang='lat' dir='ltr'><strong>enumeratae</strong></span> <span class='ocrx_word' id='word_1_189' title='bbox 2092 2832 2187 2883; x_wconf 85' lang='lat' dir='ltr'><strong>mi-</strong></span> 
     </span>
     <span class='ocr_line' id='line_1_29' title="bbox 332 2929 2186 2996; baseline -0.002 -15"><span class='ocrx_word' id='word_1_190' title='bbox 332 2950 442 2981; x_wconf 89' lang='lat' dir='ltr'><strong>rum</strong></span> <span class='ocrx_word' id='word_1_191' title='bbox 485 2934 532 2981; x_wconf 90' lang='lat' dir='ltr'><strong>in</strong></span> <span class='ocrx_word' id='word_1_192' title='bbox 574 2936 769 2982; x_wconf 85' lang='lat' dir='ltr'><strong>modum</strong></span> <span class='ocrx_word' id='word_1_193' title='bbox 811 2935 972 2996; x_wconf 85' lang='lat' dir='ltr'><strong>quoad</strong></span> <span class='ocrx_word' id='word_1_194' title='bbox 1018 2934 1387 2995; x_wconf 84' lang='lat' dir='ltr'><strong>indumentum,</strong></span> <span class='ocrx_word' id='word_1_195' title='bbox 1452 2931 1897 2994; x_wconf 78' lang='lat' dir='ltr'><strong>ramificationem,</strong></span> <span class='ocrx_word' id='word_1_196' title='bbox 1947 2929 2186 2980; x_wconf 82' lang='lat' dir='ltr'><strong>soliorum</strong></span> 
     </span>
     <span class='ocr_line' id='line_1_30' title="bbox 336 3027 1205 3094; baseline 0.003 -18"><span class='ocrx_word' id='word_1_197' title='bbox 336 3027 716 3092; x_wconf 78' lang='lat' dir='ltr'><strong>dispositionem</strong></span> <span class='ocrx_word' id='word_1_198' title='bbox 759 3038 1003 3094; x_wconf 85' lang='lat' dir='ltr'><strong>notasque</strong></span> <span class='ocrx_word' id='word_1_199' title='bbox 1045 3029 1205 3078; x_wconf 83' lang='lat' dir='ltr'><strong>alias:</strong></span> 
     </span>
    </p>

    <p class='ocr_par' dir='ltr' id='par_1_12' title="bbox 332 3120 2188 3483">
     <span class='ocr_line' id='line_1_31' title="bbox 476 3120 2188 3188; baseline -0.003 -14"><span class='ocrx_word' id='word_1_200' title='bbox 476 3124 585 3174; x_wconf 89' lang='lat' dir='ltr'><strong>Huc</strong></span> <span class='ocrx_word' id='word_1_201' title='bbox 635 3126 783 3174; x_wconf 81' lang='lat' dir='ltr'><strong>etiam</strong></span> <span class='ocrx_word' id='word_1_202' title='bbox 837 3133 1051 3188; x_wconf 85' lang='lat' dir='ltr'><strong>spectat:</strong></span> <span class='ocrx_word' id='word_1_203' title='bbox 1093 3122 1516 3188; x_wconf 75' lang='lat' dir='ltr'><strong>Elephantopus</strong></span> <span class='ocrx_word' id='word_1_204' title='bbox 1554 3122 1786 3171; x_wconf 78' lang='lat' dir='ltr'><strong>ciliatus</strong></span> <span class='ocrx_word' id='word_1_205' title='bbox 1828 3120 2095 3186; x_wconf 81' lang='lat' dir='ltr'><strong>Zollinger</strong></span> <span class='ocrx_word' id='word_1_206' title='bbox 2141 3129 2188 3170; x_wconf 77' lang='lat' dir='ltr'><strong>et</strong></span> 
     </span>
     <span class='ocr_line' id='line_1_32' title="bbox 336 3218 2188 3285; baseline -0.002 -15"><span class='ocrx_word' id='word_1_207' title='bbox 336 3221 576 3271; x_wconf 86' lang='lat' dir='ltr'><strong>Moritzi!</strong></span> <span class='ocrx_word' id='word_1_208' title='bbox 628 3224 676 3270; x_wconf 90' lang='lat' dir='ltr'><strong>in</strong></span> <span class='ocrx_word' id='word_1_209' title='bbox 727 3232 852 3285; x_wconf 84' lang='lat' dir='ltr'><strong>syst.</strong></span> <span class='ocrx_word' id='word_1_210' title='bbox 890 3219 1037 3271; x_wconf 78' lang='lat' dir='ltr'><strong>Vei-z.</strong></span> <span class='ocrx_word' id='word_1_211' title='bbox 1076 3236 1124 3283; x_wconf 87' lang='lat' dir='ltr'><strong>p.</strong></span> <span class='ocrx_word' id='word_1_212' title='bbox 1164 3221 1251 3271; x_wconf 82' lang='lat'><strong>69.</strong></span> <span class='ocrx_word' id='word_1_213' title='bbox 1301 3220 1347 3268; x_wconf 90' lang='lat' dir='ltr'><strong>in</strong></span> <span class='ocrx_word' id='word_1_214' title='bbox 1390 3218 1610 3284; x_wconf 81' lang='lat' dir='ltr'><strong>oryzetis</strong></span> <span class='ocrx_word' id='word_1_215' title='bbox 1661 3227 1707 3265; x_wconf 88' lang='lat' dir='ltr'><strong>et</strong></span> <span class='ocrx_word' id='word_1_216' title='bbox 1759 3219 1820 3266; x_wconf 84' lang='lat' dir='ltr'><strong>ad</strong></span> <span class='ocrx_word' id='word_1_217' title='bbox 1874 3218 1986 3267; x_wconf 83' lang='lat' dir='ltr'><strong>vias</strong></span> <span class='ocrx_word' id='word_1_218' title='bbox 2031 3232 2188 3282; x_wconf 83' lang='lat' dir='ltr'><strong>prope</strong></span> 
     </span>
     <span class='ocr_line' id='line_1_33' title="bbox 334 3312 2188 3383; baseline -0.003 -16"><span class='ocrx_word' id='word_1_219' title='bbox 334 3318 563 3383; x_wconf 82' lang='lat' dir='ltr'><strong>Tjikoya</strong></span> <span class='ocrx_word' id='word_1_220' title='bbox 601 3319 753 3369; x_wconf 82' lang='lat' dir='ltr'><strong>Javae</strong></span> <span class='ocrx_word' id='word_1_221' title='bbox 796 3319 981 3368; x_wconf 83' lang='lat' dir='ltr'><strong>lectus:</strong></span> <span class='ocrx_word' id='word_1_222' title='bbox 1022 3317 1312 3382; x_wconf 78' lang='lat' dir='ltr'><strong>Zollinger!</strong></span> <span class='ocrx_word' id='word_1_223' title='bbox 1354 3316 1423 3381; x_wconf 84' lang='lat' dir='ltr'><strong>pt.</strong></span> <span class='ocrx_word' id='word_1_224' title='bbox 1460 3315 1620 3365; x_wconf 81' lang='lat' dir='ltr'><strong>Javae</strong></span> <span class='ocrx_word' id='word_1_225' title='bbox 1659 3331 1768 3366; x_wconf 76' lang='lat' dir='ltr'><strong>exs,</strong></span> <span class='ocrx_word' id='word_1_226' title='bbox 1803 3331 1853 3364; x_wconf 90' lang='grc' dir='ltr'><strong>ιι.</strong></span> <span class='ocrx_word' id='word_1_227' title='bbox 1891 3314 1943 3364; x_wconf 91' lang='grc'><strong>7.</strong></span> <span class='ocrx_word' id='word_1_228' title='bbox 2000 3312 2188 3363; x_wconf 77' lang='lat' dir='ltr'><strong>Planta</strong></span> 
     </span>
     <span class='ocr_line' id='line_1_34' title="bbox 332 3409 2186 3483; baseline -0.002 -18"><span class='ocrx_word' id='word_1_229' title='bbox 332 3424 408 3465; x_wconf 73' lang='lat' dir='ltr'><strong>oet</strong></span> <span class='ocrx_word' id='word_1_230' title='bbox 450 3415 729 3483; x_wconf 75' lang='lat' dir='ltr'><strong>bipedali3‚</strong></span> <span class='ocrx_word' id='word_1_231' title='bbox 777 3415 1277 3479; x_wconf 69' lang='lat' dir='ltr'><strong>villoso-strigoso,</strong></span> <span class='ocrx_word' id='word_1_232' title='bbox 1336 3414 1734 3474; x_wconf 78' lang='lat' dir='ltr'><strong>subcanescens,</strong></span> <span class='ocrx_word' id='word_1_233' title='bbox 1802 3410 2078 3462; x_wconf 82' lang='lat' dir='ltr'><strong>rhizomate</strong></span> <span class='ocrx_word' id='word_1_234' title='bbox 2113 3409 2186 3469; x_wconf 65' lang='lat'><strong>21--</strong></span> 
     </span>
    </p>
   </div>
  </div>
 </body>
</html>
