2211 4044
1773 310 1877 361 517

741 342 898 350 -————--

165 428 367 481 Persea
406 439 675 495 argentea
715 431 837 495 Spr.
878 429 930 480 S.
971 429 1092 495 Veg.
1135 432 1198 482 11.
1243 449 1290 496 p.
1321 433 1445 486 269.
1491 451 1539 485 n.
1568 437 1657 488 32.

167 529 395 580 Laurus
434 528 650 592 Surena,
690 529 827 580 loliis
869 529 1107 595 oblongis
1147 532 1430 596 cuspidatis
1472 535 1583 583 basi
1627 545 1876 599 angusta-

12 629 84 678 tis
133 629 309 678 subtus
363 628 1012 692 sericeo-pubescentibus.
1131 629 1352 682 Willd.
1413 631 1565 682 Herb.
1618 649 1669 686 n.
1716 634 1877 685 7797.

17 727 237 794 (Ramus
291 728 510 791 steriliS,
577 728 716 778 foliis
781 729 1037 796 singulari
1103 731 1247 780 modo
1310 732 1374 780 ab
1426 731 1632 781 insectis
1682 735 1878 789 crosis;

21 826 304 892 exemplum
349 825 846 895 Humboldtianum.)

160 925 595 991 Neu-Granada,
648 926 696 975 in
737 928 824 975 der
864 927 1171 978 Hochebene
1212 945 1309 979 von
1351 930 1405 982 S.
1449 930 1519 980 Fe
1557 932 1617 980 de
1658 931 1874 996 Bogota,

19 1026 112 1078 alt.
153 1023 294 1076 1370
332 1027 520 1088 hexap.
598 1025 974 1077 Humboldt.

19 1199 285 1262 Subgenus
329 1198 380 1247 2.
456 1196 980 1262 Agriodaphne
1018 1197 1080 1247 N.
1120 1197 1184 1247 ab
1216 1199 1278 1250 E.
1321 1198 1460 1263 Syst.
1492 1199 1650 1251 Laur.
1687 1200 1874 1264 p.404.

22 1353 24 1355 ,
85 1315 154 1366 o.
192 1309 650 1378 (Agriodaplme)
691 1314 1138 1374 Poeppigiana
1176 1313 1240 1365 Ν.
1278 1315 1339 1364 ab
1366 1314 1427 1367 E.
1458 1315 1596 1381 Syst.
1641 1315 1796 1367 Laur.
1829 1333 1875 1380 p.

11 1410 134 1462 404.
209 1406 278 1472 s?-
1045 1405 1049 1408 ’

157 1506 196 1564 ῼ
246 1508 474 1560 Laurus
520 1510 1022 1576 multiglandulosa
1079 1512 1161 1568 ΕΙ.
1217 1513 1398 1564 Peruv.
1466 1516 1542 1566 ed.
1597 1514 1760 1565 Ruiz
1822 1519 1871 1565 in

16 1609 173 1660 Herb.
212 1625 327 1674 gen.
368 1611 539 1662 Berol.

153 1709 319 1760 Arbor
367 1708 584 1760 feminea
624 1713 686 1761 ab
739 1712 971 1761 mascula
1022 1728 1120 1761 uon
1185 1711 1381 1777 differt,
1457 1713 1557 1764 nisi
1623 1714 1872 1778 paniculis

13 1807 164 1872 paulo
204 1809 491 1859 laxioribus
529 1817 575 1858 et
616 1810 808 1876 pistillo
846 1811 1144 1875 grandiori,
1183 1812 1424 1878 stigmate
1462 1813 1668 1877 peltato.

153 1906 203 1958 0²
237 1908 581 1973 Yurimaguas
623 1910 672 1959 in
714 1911 800 1959 der
837 1910 987 1961 Prov.
1028 1909 1270 1976 MaynaS.
1310 1910 1608 1976 Poeppig
1647 1913 1871 1965 n.2535.

156 2001 195 2060 ῼ
233 2006 582 2075 Chicoplaya,
622 2009 776 2060 1795.
851 2008 1035 2062 Ruiz.

84 2124 156 2170 θ.
198 2119 672 2190 (Agriodaphne)
712 2125 1111 2183 grandifolia
1154 2122 1217 2174 N.
1247 2124 1309 2173 ab
1336 2123 1401 2175 E.
1487 2122 1649 2174 Foliis
1689 2122 1875 2173 oblon-

11 2222 91 2286 gis
135 2221 429 2271 brevissime
470 2222 805 2287 cuspidulatis
850 2224 957 2274 basi
1000 2223 1397 2274 cuneiformibus
1437 2226 1592 2274 dense
1632 2223 1871 2273 reticula·

14 2320 78 2370 tis
117 2321 472 2372 concolor-ibus
513 2322 713 2386 glabris
757 2339 919 2388 supra
958 2322 1129 2374 nitidis
1170 2323 1527 2374 multicostatis
1566 2323 1745 2374 axillis
1785 2341 1874 2372 co·

15 2430 207 2470 starum
250 2423 429 2472 subtus
469 2422 738 2490 epm-ibus,
801 2424 956 2473 ramis
1006 2431 1146 2473 acute
1186 2423 1729 2488 quadrangularibus,
1782 2439 1872 2486 pe·

17 2520 154 2571 tiolis
195 2521 461 2585 brevibuS,
521 2522 772 2586 paniculis
814 2523 891 2588 (in
934 2531 1108 2572 nostro
1148 2521 1448 2591 specimine)
1490 2521 1870 2571 infratermina-

12 2617 145 2670 libus
183 2620 308 2670 folio
351 2621 666 2672 brevioribus
706 2623 1004 2672 divaricatis
1045 2620 1616 2689 pubescenti-scabris,
1657 2620 1869 2669 floribus

15 2718 66 2766 in
107 2717 339 2782 apicibus
379 2720 693 2769 ramulorum
733 2721 1003 2784 cymulosis
1045 2721 1457 2784 canescentibus,
1495 2721 1662 2770 fructu
1712 2756 1725 2771 .
1767 2756 1779 2770 .
1820 2755 1834 2771 .

158 2816 483 2881 Proprinqua
510 2818 573 2868 0.
600 2817 1049 2885 Poeppv‘gianae‚
1091 2820 1295 2869 diversa
1333 2827 1497 2868 autem
1541 2818 1698 2868 ramis
1727 2834 1870 2870 cras-

16 2914 119 2984 sis,
191 2917 332 2967 foliis
391 2917 593 2981 maguis
651 2919 831 2981 rigidis
896 2935 1055 2982 supra
1107 2935 1288 2983 grosse
1347 2918 1553 2983 rugosis
1604 2925 1650 2967 et
1699 2917 1872 2968 nitidis

17 3017 71 3080 (l
118 3019 224 3079 ped.
266 3025 312 3066 et
366 3017 498 3067 ultra
548 3018 715 3082 longis
755 3017 824 3087 ¹1³3
861 3019 926 3068 ab
978 3020 1121 3084 apice
1171 3019 1206 3069 4
1248 3018 1371 3083 poll.
1424 3019 1521 3068 scre
1571 3018 1718 3085 latis)
1760 3019 1871 3068 basi

14 3116 177 3180 magis
227 3116 502 3166 attenuatis
555 3126 596 3166 et
645 3118 693 3166 in
747 3117 987 3182 petiolum
1040 3121 1236 3168 brevem
1288 3117 1682 3168 canaliculatum
1724 3116 1874 3182 louge

14 3216 396 3266 decurrentibus
435 3217 589 3268 ramis
630 3219 910 3268 costalibus
950 3219 1185 3268 15--16
1225 3235 1333 3267 cum
1385 3229 1526 3269 costa
1565 3219 1746 3268 subtus
1786 3234 1870 3267 sa-

16 3314 77 3363 tis
119 3316 419 3380 prominnlis
459 3334 614 3382 supra
647 3319 922 3370 immersis·
1035 3318 1309 3368 Paniculae
1357 3317 1481 3368 4—-
1511 3319 1541 3367 5
1585 3318 1706 3381 poll.
1752 3317 1866 3367 lou-

20 3427 135 3476 gae.
235 3415 422 3466 Flores'
458 3426 510 3467 ut
545 3417 594 3466 in
637 3417 704 3470 Ο.
750 3417 1144 3484 Poeppz’giana
1185 3416 1292 3486 (ῼ).
1355 3449 1424 3457 --
1494 3418 1640 3467 nami
1681 3416 1869 3483 glabri.

32 3510 265 3562 Geminae
304 3517 535 3568 incanae.

164 3609 430 3663 Urwiilder
468 3615 554 3664 des
590 3616 773 3664 cheren
815 3614 1069 3680 Maynas,
1109 3616 1260 3670 Peru.
1347 3614 1602 3679 Poppig
1642 3631 1690 3667 u.
1718 3613 1877 3666 2069.
