2211 4044
303 222 416 276 610

381 344 470 399 13,
501 340 828 390 Vernonla
855 349 1195 388 canescens
1234 334 1301 387 11.
1328 335 1387 386 Β.
1417 337 1482 387 Κ.
1523 364 1593 376 -·
1632 335 1737 391 DC.
1778 354 1855 402 pr.
1881 337 1942 389 V.
1983 355 2034 403 p.
2071 335 2160 389 40.

310 463 359 497 ιι.
387 443 507 496 147.
546 463 616 488 =
659 439 942 492 Vernom'a
981 435 1282 486 reticulata
1322 431 1530 483 Willd.!
1573 432 1713 485 herb.
1753 449 1801 482 ιι.
1845 432 2037 485 14824.

453 535 750 599 Columbia,
788 535 1018 595 Merida,
1058 532 1107 581 in
1151 532 1348 580 arbust.
1386 531 1447 579 ad
1490 528 1625 581 llum.
1658 528 1707 580 fl.
1745 528 1904 580 Now:
1940 527 2164 579 Moritz!

307 658 358 691 u.
400 635 557 689 1374.
1877 685 1881 689 ,

394 753 447 813 β.
482 740 802 796 micrantha
839 741 987 788 Less.
1048 765 1118 774 —-
1177 734 1286 787 DC.
1327 753 1407 800 pr.
1447 735 1506 786 V.
1549 753 1597 801 p.
1631 736 1720 788 41.
1760 753 1807 789 ιι.
1843 735 1968 788 147.
2001 738 2056 800 β.
2097 757 2156 780 =

317 845 600 898 Vernom‘a
634 839 957 888 acuminata
999 832 1202 886 Willd.!
1239 832 1388 884 herb.
1426 849 1477 884 ιι.
1515 832 1710 884 14831.

449 935 741 995 Columbia,
778 930 1007 981 Cat-acas
1045 931 1107 981 ad
1149 929 1347 980 rivulos
1387 937 1541 980 mont.
1576 910 1710 979 locis·
1740 928 1933 993 apricis
1968 927 2022 979 fl.
2041 928 2159 979 Juu.

307 1055 416 1092 cor.
456 1050 603 1102 purp.
642 1030 832 1081 Moritz
872 1045 921 1078 ιι.
962 1027 1053 1080 77.

450 1145 574 1195 obs.
648 1138 887 1205 Capitula
924 1138 1071 1204 hujus
1113 1136 1301 1201 speciei
1352 1143 1469 1186 sunt
1508 1134 1579 1200 pl.
1615 1134 1882 1187 2l-flora.
1981 1133 2164 1186 Affinis

316 1242 484 1298 Vera.
522 1237 704 1290 mollis
740 1236 804 1286 H.
834 1235 893 1286 B.
921 1233 987 1284 K.
1025 1261 1096 1271 —
1134 1234 1240 1284 DC.
1281 1232 1431 1297 pr.V.
1469 1249 1520 1297 p.
1547 1232 1635 1283 41.
1675 1248 1726 1282 n.
1748 1229 1874 1282 149.

383 1364 470 1418 14,
505 1356 829 1408 Vel-nonin
859 1354 1254 1412 scorpioides
1293 1355 1437 1406 Persi.
1487 1384 1554 1393 —
1602 1353 1709 1405 DC.
1763 1371 1844 1418 pr.
1884 1357 1946 1405 V.
1988 1370 2040 1417 p.
2071 1351 2162 1406 41.

316 1485 378 1510 =
425 1461 711 1517 Vernonia
758 1452 1265 1522 tournefortz'ot'des
1301 1451 1369 1503 Η.
1405 1448 1472 1499 H.
1512 1450 1581 1502 Κ.
1621 1451 1671 1499 in
1722 1449 1896 1500 Kuuth
1944 1467 2057 1518 syn.
2092 1451 2162 1502 Il.

317 1578 368 1625 p.
401 1557 522 1610 370.
567 1574 672 1607 sec.
722 1555 975 1618 specimen
1028 1548 1170 1599 herb.
1224 1545 1430 1597 Willd.!
1480 1561 1531 1596 ιι.
1569 1543 1760 1596 15233.
1798 1545 2163 1614 (διαεῙιεΖίπα

310 1651 789 1720 solidaginoides).
2147 1620 2152 1622 ⁷

453 1752 639 1802 Planta
687 1746 835 1796 valde
887 1744 1094 1794 varians
1145 1741 1309 1804 quoad
1373 1737 1610 1789 foliorum
1663 1739 1874 1791 formam
1918 1750 1967 1792 et
2016 1742 2166 1794 iudu-

314 1859 532 1903 mentum
572 1845 724 1895 totins
765 1843 990 1905 plautae.
1065 1837 1267 1888 Variat:
1485 1827 1489 1830 ’

384 1966 435 2000 α.
471 1944 608 1995 Pube
646 1940 810 1991 caulis
853 1938 1257 1997 subtomentosa,
1317 1931 1488 1996 brevi,
1545 1931 1684 1983 foliis
1725 1931 1917 2002 ovatis,
1979 1935 2162 1986 subre-

455 2040 658 2108 pandis.
1662 2019 1664 2021 ¹

488 2132 783 2195 Columbia‚
830 2129 883 2179 iu
921 2128 1163 2178 montosis
1203 2125 1392 2191 apricis
1441 2123 1688 2189 humidis,
1736 2125 1787 2179 6.
1824 2125 1986 2180 Decb.
2027 2125 2165 2180 1839

222 2274 229 2280 .
313 2246 360 2290 et
397 2236 446 2290 3.
469 2235 582 2285 Jau.
620 2228 786 2282 1840:
825 2226 918 2276 Ed.
946 2225 1089 2276 Otto!
1128 2241 1173 2276 ιι.
1199 2224 1303 2275 377
1341 2230 1387 2272 et
1427 2222 1548 2273 517.

387 2344 441 2400 b.
479 2344 726 2393 Tomento
769 2336 932 2387 caulis
971 2335 1241 2399 elongato,
1279 2315 1797 2397 pubescenti-hirto,
1849 2331 1990 2384 foliis
2028 2333 2167 2386 infra

421 2447 636 2492 tomento
677 2434 914 2486 densiore
950 2430 1182 2494 muuitiS‚
1223 2444 1383 2493 supra
1421 2428 1572 2478 etiam
1611 2429 2020 2493 pubescentibus.

454 2553 714 2604 Caracas:
752 2544 971 2596 Moritz!
1010 2560 1060 2595 ιι.
1101 2543 1154 2593 7.

457 2651 597 2701 Haec
637 2654 708 2696 cst
755 2641 1040 2696 Vemania
1077 2635 1417 2704 scorpioides
1455 2634 1598 2688 Pers.
1630 2637 1722 2704 γλ
1759 2634 2165 2710 ειιόἰοηιεηιοεα

315 2749 424 2803 ΠΟ,
463 2764 540 2812 pr.
578 2744 641 2797 V.
678 2759 732 2808 p.
754 2740 844 2793 42.
881 2752 927 2790 et
977 2736 1260 2789 Vernone'a
1296 2731 1801 2799 tournefortioides
1839 2734 1903 2787 H.
1931 2735 1987 2789 B.
2009 2735 2077 2788 K.

457 2852 787 2919 Receptaculi
837 2848 1130 2915 speciminis
1190 2847 1335 2897 berb.
1383 2843 1563 2898 Willd.
1622 2843 1806 2893 alveoli
1857 2847 2003 2896 etiam
2050 2856 2166 2898 gum

319 2947 897 3008 dentato-fimbrillil'eri
937 2953 988 2993 ut
1028 2945 1079 2993 in
1118 2943 1348 2992 omuibus
1384 2940 1553 2992 Vern.
1580 2940 1922 3005 scorpioides
1970 2941 2165 3009 formis,

319 3054 435 3105 licet
471 3050 652 3112 forsan.
686 3044 838 3109 paulo
876 3040 1098 3091 brevius.
1172 3039 1228 3086 Iu
1270 3035 1632 3100 speciminibus
1672 3036 1820 3085 cultis
1857 3042 2163 3102 receptaculi

319 3145 560 3201 alveolati
599 3146 775 3193 (leutos
814 3138 892 3187 vel
935 3135 1204 3185 limbi-illae
1242 3132 1407 3196 magis
1446 3134 1580 3181 suut·
1600 3131 1888 3196 elongatae.
1981 3134 2167 3188 Corol-

321 3250 400 3299 lae
449 3243 551 3294 lobi
604 3239 654 3290 in
710 3234 882 3289 Vern.
933 3228 1410 3296 tournefortioide
1447 3227 1597 3278 etiam
1648 3236 1766 3278 sunt
1816 3228 1965 3293 pilosi
2018 3239 2071 3282 ut
2111 3234 2164 3285 in

328 3342 497 3397 Vern.
539 3333 877 3402 scorpioide‚
916 3344 1076 3393 neque
1121 3325 1176 3380 V
1171 3343 1290 3376 ern.
1327 3323 1831 3390 tournefortioides
1866 3335 1943 3377 est
1979 3327 2165 3380 herba-

321 3454 447 3500 cea,
485 3438 568 3486 sed
608 3433 850 3483 fruticosa
887 3427 957 3478 uti
1003 3424 1169 3480 Vern.
1204 3421 1563 3488 scorpioides.
