2211 4044
1775 234 1882 288 497

16 354 397 407 Humboldt.
506 356 580 406 Im
620 354 923 406 brittischen
962 352 1164 406 Guiaua
1217 369 1298 406 am
1348 356 1468 409 Ufer
1518 362 1606 412 des
1656 362 1869 414 Flusses

776 263 886 271 ———-

15 455 309 507 Demerara.
345 454 532 509 Rich.
571 455 1046 521 Sohomburgk.

124 588 196 632 A.
244 586 560 642 riparium
616 582 679 634 N.
715 586 778 633 ab
823 584 883 636 Ε.
982 582 1143 633 Foliis
1207 583 1641 650 ovali-oblongis
1705 590 1873 639 brevi-

16 683 297 747 cuspidatis
339 680 450 730 basi
489 683 650 730 acutis
693 684 926 733 tenuibus
968 686 1146 733 subtus
1184 684 1397 733 ramulis
1432 684 1749 750 juvenilibus
1777 706 1868 752 pa-

15 780 297 844 niculisque
338 780 1015 847 subpulverulento-caniS,
1058 784 1266 834 lloribus
1308 786 1621 838 nutantibus.

158 878 424 930 Persimile
464 880 540 932 A.
565 878 836 947 firmulo,
911 882 1077 932 differt
1126 882 1284 934 ramis
1333 884 1591 950 elongatis
1631 887 1876 954 flaccidis,

14 978 154 1029 foliis
195 979 464 1030 latioribus
508 980 824 1030 tenuioribus
881 998 980 1030 non
1022 983 1183 1032 acutis
1223 983 1595 1035 acuminatisve
1635 989 1722 1037 sed
1765 989 1874 1038 evi-

13 1079 185 1128 denter
223 1080 542 1144 breviterque
582 1079 866 1144 cuspidatis
906 1081 1115 1143 cuspide
1154 1081 1207 1129 in
1250 1083 1507 1148 plerisque
1548 1095 1725 1149 acuta,
1777 1088 1869 1137 sso-

12 1178 154 1226 ribus
195 1177 396 1227 dimidio
435 1179 540 1227 fere
580 1179 877 1228 minoribus.
916 1205 986 1215 —
1023 1179 1299 1230 Panicnlae
1329 1182 1583 1233 flexuosae
1622 1187 1686 1233 ad
1726 1188 1873 1237 basin

9 1277 423 1340 innovationum‚
480 1286 821 1328 canescentes,
877 1291 880 1293 ’
933 1277 1212 1329 Perianthii
1268 1280 1487 1331 laciniae
1527 1284 1674 1347 apice
1717 1286 1871 1349 palli—

11 1378 121 1428 dae.
194 1376 348 1426 Folia
389 1392 567 1440 opaca.

152 1477 242 1525 Am
285 1475 405 1525 Ufer
456 1478 542 1525 des
586 1476 811 1526 -Flusses
861 1478 1138 1527 Pomeroon
1191 1478 1256 1529 im
1309 1480 1599 1530 brittisehen
1650 1482 1871 1539 Gaiana.

12 1572 200 1627 Rich.
244 1575 716 1640 Schomburgk
759 1575 1001 1630 n.1405.

114 1705 186 1749 A.
226 1706 515 1762 glaucum
553 1701 640 1752 Kl.
680 1713 726 1751 et
764 1702 1007 1755 Karsten.
1080 1704 1239 1753 Foliis
1281 1705 1862 1774 lanceolam-oblongis

12 1799 209 1849 obtusis
245 1799 350 1848 basi
392 1808 542 1848 acuta
596 1800 645 1848 in
702 1802 938 1864 petiolum
991 1801 1147 1850 latum
1199 1805 1583 1854 decurrentibus
1622 1807 1869 1860 coriaceis

10 1900 184 1950 subtus
231 1898 430 1963 glaucis
483 1899 794 1963 ramulisque
844 1901 1111 1966 angulosis
1151 1902 1380 1968 glabriS,
1456 1921 1656 1956 racemo
1697 1907 1869 1958 fructi-

13 1999 122 2049 fero
163 2015 378 2062 cernuo,
420 2000 574 2049 bacca
614 2008 787 2053 ovata.

149 2097 316 2148 Affine
355 2096 426 2150 A.
448 2095 693 2166 firmulo
749 2108 795 2148 et
834 2101 1074 2151 fortassis
1116 2102 1345 2168 ejusdem
1385 2106 1639 2169 varietaS,
1703 2107 1870 2158 differt

10 2197 245 2261 inprimis
285 2215 484 2248 racemo
525 2200 784 2250 fructifero
824 2201 925 2250 fere
966 2201 1184 2265 pendulo
1224 2212 1268 2252 et
1295 2202 1431 2254 foliis
1473 2221 1622 2270 quam
1664 2224 1751 2272 pro
1792 2208 1872 2258 la-

9 2298 221 2348 titudine
263 2298 587 2364 longioribus
629 2300 772 2364 apice
813 2301 1205 2367 angustioribus
1247 2303 1577 2369 obtusisque,
1617 2324 1708 2373 nec
1748 2324 1865 2358 vero

13 2398 410 2463 subcuspidatis.
485 2399 668 2450 Flores
711 2402 904 2451 desunt.
1029 2392 1033 2398 ¹

153 2497 448 2552 Columbia.
525 2498 813 2551 Karsten
853 2517 904 2550 n.
944 2500 1032 2552 95.

117 2641 188 2684 A.
227 2642 556 2685 robustum
604 2640 686 2689 ΚΙ.
739 2649 783 2688 et
822 2640 1058 2689 Karsten.
1173 2639 1331 2688 Foliis
1384 2641 1621 2706 oblongis
1675 2646 1868 2696 obtusis

10 2750 122 2783 cum
171 2736 249 2784 vel
300 2735 407 2786 sine
460 2737 727 2800 cuspidulo
783 2737 1086 2787 brevissimo
1127 2740 1400 2803 obtusoque
1440 2742 1548 2791 basi
1591 2744 1774 2793 obtusa
1812 2744 1865 2794 in

14 2832 250 2897 petiolum
311 2836 660 2885 desinentibus
717 2836 960 2886 coriaceis
1022 2838 1248 2898 crassis,
1323 2839 1636 2901 juvenilibus
1687 2843 1866 2893 subtus

13 2932 438 2998 pubescentibus,
487 2935 678 2984 adultis
717 2951 826 2983 cum
870 2933 1072 2999 petiolis
1112 2935 1469 2987 canaliculatis
1506 2939 1739 2990 brevibus
1779 2958 1867 2992 ra-

12 3032 203 3096 misque
243 3032 532 3083 verrucosis
574 3034 808 3098 glabriS‚
875 3034 1072 3086 ramulo
1111 3035 1349 3100 florigero
1390 3039 1704 3103 racemisque
1744 3043 1864 3092 sub-

9 3132 614 3199 termiuali-aggregatis
675 3134 1190 3198 strigoso-sericeis,
1265 3135 1476 3187 floribus
1554 3141 1866 3206 nutantibus,

11 3232 498 3297 cupula-profunda
548 3250 823 3284 verrucosa
874 3251 957 3283 ore
1007 3233 1478 3304 lacero-dentata,
1540 3239 1696 3290 bacca
1743 3243 1866 3291 sub-

11 3329 243 3393 globosa.

155 3431 232 3478 Ab
272 3428 350 3481 A.
375 3426 618 3497 firmulo
663 3432 898 3497 inprimis
943 3433 1109 3484 differt
1158 3433 1301 3484 foliis
1355 3435 1467 3484 basi
1520 3437 1685 3500 magis
1727 3440 1867 3487 obtu-

15 3527 85 3576 sis
126 3526 461 3590 rigidioribus
499 3531 705 3597 (subtus
746 3535 1015 3583 secundum
1058 3533 1119 3582 cl.
1160 3533 1445 3583 Karsten
1489 3536 1711 3602 glaucis)
1749 3540 1866 3587 sub-

108 3643 185 3677 21r
216 3644 290 3680 nd.
324 3646 368 3678 4³
400 3645 519 3681 nest.
1381 3632 1450 3682 32
